<?xml version="1.0" encoding="UTF-8"?>
<!DOCTYPE html PUBLIC "-//W3C//DTD XHTML 1.0 Transitional//EN"
    "http://www.w3.org/TR/xhtml1/DTD/xhtml1-transitional.dtd">
<html xmlns="http://www.w3.org/1999/xhtml" xml:lang="en" lang="en">
 <head>
  <title>
</title>
<meta http-equiv="Content-Type" content="text/html;charset=utf-8" />
  <meta name='ocr-system' content='tesseract 3.04.00' />
  <meta name='ocr-capabilities' content='ocr_page ocr_carea ocr_par ocr_line ocrx_word'/>
</head>
<body>
  <div class='ocr_page' id='page_1' title='image "./commentationisd00ostegoog_0083.png"; bbox 0 0 4140 5234; ppageno 0'>
   <div class='ocr_carea' id='block_1_1' title="bbox 143 386 2052 1763">
    <p class='ocr_par' dir='ltr' id='par_1_1' title="bbox 143 386 2052 1763">
     <span class='ocr_line' id='line_1_1' title="bbox 143 386 2050 507; baseline -0.005 -30"><span class='ocrx_word' id='word_1_1' title='bbox 143 387 214 481; x_wconf 60' lang='grc' dir='ltr'><strong><em>’τά</em></strong></span> <span class='ocrx_word' id='word_1_2' title='bbox 251 402 531 480; x_wconf 81' lang='grc' dir='ltr'><strong><em>διαπεπτωκότα</em></strong></span> <span class='ocrx_word' id='word_1_3' title='bbox 567 401 662 507; x_wconf 97' lang='grc' dir='ltr'><strong><em>τύχῃ</em></strong></span> <span class='ocrx_word' id='word_1_4' title='bbox 699 406 769 501; x_wconf 85' lang='grc' dir='ltr'><strong><em>τῆς</em></strong></span> <span class='ocrx_word' id='word_1_5' title='bbox 804 386 1059 502; x_wconf 74' lang='grc' dir='ltr'><strong><em>εἶροςηκούσης</em></strong></span> <span class='ocrx_word' id='word_1_6' title='bbox 1094 407 1306 500; x_wconf 78' lang='grc' dir='ltr'><strong><em>έπισκευῆς,</em></strong></span> <span class='ocrx_word' id='word_1_7' title='bbox 1344 389 1585 500; x_wconf 79' lang='grc' dir='ltr'><strong><em>πεποιήμένος</em></strong></span> <span class='ocrx_word' id='word_1_8' title='bbox 1617 396 1662 475; x_wconf 87' lang='grc' dir='ltr'><strong><em>ού</em></strong></span> <span class='ocrx_word' id='word_1_9' title='bbox 1686 403 1870 498; x_wconf 79' lang='grc' dir='ltr'><strong><em>παρέργως</em></strong></span> <span class='ocrx_word' id='word_1_10' title='bbox 1900 392 1972 497; x_wconf 79' lang='grc' dir='ltr'><strong><em>τήν</em></strong></span> <span class='ocrx_word' id='word_1_11' title='bbox 2008 401 2050 469; x_wconf 78' lang='grc' dir='ltr'><strong><em>ἐν</em></strong></span> 
     </span>
     <span class='ocr_line' id='line_1_2' title="bbox 166 502 2049 643; baseline -0.005 -25"><span class='ocrx_word' id='word_1_12' title='bbox 166 518 312 635; x_wconf 78' lang='grc' dir='ltr'><strong><em>τούτοις</em></strong></span> <span class='ocrx_word' id='word_1_13' title='bbox 336 549 557 639; x_wconf 77' lang='grc' dir='ltr'><strong><em>ἐπιμέλειαν,</em></strong></span> <span class='ocrx_word' id='word_1_14' title='bbox 581 547 839 643; x_wconf 87' lang='grc' dir='ltr'><strong><em>προςαναφέρω</em></strong></span> <span class='ocrx_word' id='word_1_15' title='bbox 865 561 937 616; x_wconf 91' lang='grc' dir='ltr'><strong><em>σοι.</em></strong></span> <span class='ocrx_word' id='word_1_16' title='bbox 994 541 1048 614; x_wconf 84' lang='grc' dir='ltr'><strong><em>Τὰ</em></strong></span> <span class='ocrx_word' id='word_1_17' title='bbox 1074 540 1115 614; x_wconf 76' lang='grc' dir='ltr'><strong><em>δι’·</em></strong></span> <span class='ocrx_word' id='word_1_18' title='bbox 1138 549 1206 616; x_wconf 89' lang='grc' dir='ltr'><strong><em>τοῦ</em></strong></span> <span class='ocrx_word' id='word_1_19' title='bbox 1232 539 1345 636; x_wconf 90' lang='grc' dir='ltr'><strong><em>νόμου</em></strong></span> <span class='ocrx_word' id='word_1_20' title='bbox 1370 547 1446 614; x_wconf 84' lang='grc' dir='ltr'><strong><em>τῶν</em></strong></span> <span class='ocrx_word' id='word_1_21' title='bbox 1467 502 1645 614; x_wconf 79' lang='grc' dir='ltr'><strong><em>Ἰουδαίων</em></strong></span> <span class='ocrx_word' id='word_1_22' title='bbox 1669 541 1788 630; x_wconf 82' lang='grc' dir='ltr'><strong><em>βιβλία</em></strong></span> <span class='ocrx_word' id='word_1_23' title='bbox 1814 539 1884 612; x_wconf 89' lang='grc' dir='ltr'><strong><em>σὺν</em></strong></span> <span class='ocrx_word' id='word_1_24' title='bbox 1908 540 2049 641; x_wconf 82' lang='grc' dir='ltr'><strong><em>ἑτέροις</em></strong></span> 
     </span>
     <span class='ocr_line' id='line_1_3' title="bbox 165 654 2048 784; baseline -0.005 -24"><span class='ocrx_word' id='word_1_25' title='bbox 165 687 299 778; x_wconf 80' lang='grc' dir='ltr'><strong><em>ὀλίγοις</em></strong></span> <span class='ocrx_word' id='word_1_26' title='bbox 336 685 434 760; x_wconf 84' lang='grc' dir='ltr'><strong><em>τισὶν</em></strong></span> <span class='ocrx_word' id='word_1_27' title='bbox 469 683 666 759; x_wconf 80' lang='grc' dir='ltr'><strong><em>ἀπολείπει.</em></strong></span> <span class='ocrx_word' id='word_1_28' title='bbox 710 679 887 774; x_wconf 87' lang='grc' dir='ltr'><strong><em>Τυγχάνει</em></strong></span> <span class='ocrx_word' id='word_1_29' title='bbox 923 681 992 779; x_wconf 86' lang='grc' dir='ltr'><strong><em>γὰρ</em></strong></span> <span class='ocrx_word' id='word_1_30' title='bbox 1028 683 1223 781; x_wconf 76' lang='grc' dir='ltr'><strong><em>Ἑβραϊκοῖς</em></strong></span> <span class='ocrx_word' id='word_1_31' title='bbox 1258 679 1447 779; x_wconf 88' lang='grc' dir='ltr'><strong><em>γράμμασι</em></strong></span> <span class='ocrx_word' id='word_1_32' title='bbox 1492 683 1552 754; x_wconf 86' lang='grc' dir='ltr'><strong><em>καλ</em></strong></span> <span class='ocrx_word' id='word_1_33' title='bbox 1589 687 1690 784; x_wconf 84' lang='grc' dir='ltr'><strong><em>φωνῆ</em></strong></span> <span class='ocrx_word' id='word_1_34' title='bbox 1721 654 1920 772; x_wconf 84' lang='grc' dir='ltr'><strong><em>λεγόμενα·</em></strong></span> <span class='ocrx_word' id='word_1_35' title='bbox 1959 679 2048 774; x_wconf 79' lang='grc' dir='ltr'><strong><em>ἅμα·</em></strong></span> 
     </span>
     <span class='ocr_line' id='line_1_4' title="bbox 166 819 2048 922; baseline -0.004 -23"><span class='ocrx_word' id='word_1_36' title='bbox 166 830 333 922; x_wconf 82' lang='grc' dir='ltr'><strong><em>λέστερον</em></strong></span> <span class='ocrx_word' id='word_1_37' title='bbox 365 823 404 899; x_wconf 75' lang='grc' dir='ltr'><strong><em>δι’</em></strong></span> <span class='ocrx_word' id='word_1_38' title='bbox 437 825 497 898; x_wconf 82' lang='grc' dir='ltr'><strong><em>καὶ</em></strong></span> <span class='ocrx_word' id='word_1_39' title='bbox 531 822 599 917; x_wconf 83' lang='grc' dir='ltr'><strong><em>οὐχ</em></strong></span> <span class='ocrx_word' id='word_1_40' title='bbox 632 825 681 911; x_wconf 79' lang='grc' dir='ltr'><strong><em>ὡς</em></strong></span> <span class='ocrx_word' id='word_1_41' title='bbox 710 819 865 917; x_wconf 77' lang='grc' dir='ltr'><em>ὑπάρχει</em></span> <span class='ocrx_word' id='word_1_42' title='bbox 899 819 1142 919; x_wconf 79' lang='grc' dir='ltr'><strong><em>σεσήμανται,</em></strong></span> <span class='ocrx_word' id='word_1_43' title='bbox 1179 821 1306 911; x_wconf 81' lang='grc' dir='ltr'><strong><em>καθὼς</em></strong></span> <span class='ocrx_word' id='word_1_44' title='bbox 1337 822 1409 894; x_wconf 81' lang='grc' dir='ltr'><strong><em>ὑπὸ</em></strong></span> <span class='ocrx_word' id='word_1_45' title='bbox 1442 827 1517 894; x_wconf 83' lang='grc' dir='ltr'><strong><em>τῶν</em></strong></span> <span class='ocrx_word' id='word_1_46' title='bbox 1548 820 1699 896; x_wconf 78' lang='grc' dir='ltr'><strong><em>εἰδότων</em></strong></span> <span class='ocrx_word' id='word_1_47' title='bbox 1723 820 2048 918; x_wconf 85' lang='grc' dir='ltr'><strong><em>προςαναφέρεται,</em></strong></span> 
     </span>
     <span class='ocr_line' id='line_1_5' title="bbox 166 957 2049 1064; baseline -0.005 -25"><span class='ocrx_word' id='word_1_48' title='bbox 166 964 339 1064; x_wconf 78' lang='grc' dir='ltr'><strong><em>προνοίας</em></strong></span> <span class='ocrx_word' id='word_1_49' title='bbox 363 961 435 1063; x_wconf 87' lang='grc' dir='ltr'><strong><em>γάρ</em></strong></span> <span class='ocrx_word' id='word_1_50' title='bbox 456 963 649 1063; x_wconf 77' lang='grc' dir='ltr'><strong><em>βασιλικῆς</em></strong></span> <span class='ocrx_word' id='word_1_51' title='bbox 676 960 719 1036; x_wconf 89' lang='grc' dir='ltr'><strong><em>ού</em></strong></span> <span class='ocrx_word' id='word_1_52' title='bbox 745 957 950 1060; x_wconf 78' lang='grc' dir='ltr'><strong><em>τετύχηκεν.</em></strong></span> <span class='ocrx_word' id='word_1_53' title='bbox 1003 963 1093 1034; x_wconf 92' lang='grc' dir='ltr'><strong><em>Δέον</em></strong></span> <span class='ocrx_word' id='word_1_54' title='bbox 1115 958 1154 1033; x_wconf 87' lang='grc' dir='ltr'><strong><em>δὲ</em></strong></span> <span class='ocrx_word' id='word_1_55' title='bbox 1186 962 1239 1032; x_wconf 76' lang='grc' dir='ltr'><strong><em>ἔτι</em></strong></span> <span class='ocrx_word' id='word_1_56' title='bbox 1266 960 1326 1033; x_wconf 84' lang='grc' dir='ltr'><strong><em>καλ</em></strong></span> <span class='ocrx_word' id='word_1_57' title='bbox 1352 959 1464 1035; x_wconf 87' lang='grc' dir='ltr'><strong><em>ταῦθ’</em></strong></span> <span class='ocrx_word' id='word_1_58' title='bbox 1490 959 1667 1059; x_wconf 76' lang='grc' dir='ltr'><strong><em>ὑπάρχειν</em></strong></span> <span class='ocrx_word' id='word_1_59' title='bbox 1696 958 1794 1058; x_wconf 90' lang='grc' dir='ltr'><strong><em>παρά</em></strong></span> <span class='ocrx_word' id='word_1_60' title='bbox 1820 979 1881 1032; x_wconf 94' lang='grc' dir='ltr'><strong><em>σοι</em></strong></span> <span class='ocrx_word' id='word_1_61' title='bbox 1906 959 2049 1059; x_wconf 83' lang='grc' dir='ltr'><strong><em>διηκρι-</em></strong></span> 
     </span>
     <span class='ocr_line' id='line_1_6' title="bbox 165 1093 2051 1201; baseline -0.005 -23"><span class='ocrx_word' id='word_1_62' title='bbox 165 1112 318 1200; x_wconf 79' lang='grc' dir='ltr'><strong><em>βωμένα,</em></strong></span> <span class='ocrx_word' id='word_1_63' title='bbox 356 1102 419 1178; x_wconf 85' lang='grc' dir='ltr'><strong><em>διὰ</em></strong></span> <span class='ocrx_word' id='word_1_64' title='bbox 456 1105 499 1174; x_wconf 90' lang='grc' dir='ltr'><strong><em>τό</em></strong></span> <span class='ocrx_word' id='word_1_65' title='bbox 537 1103 598 1175; x_wconf 85' lang='grc' dir='ltr'><strong><em>καί</em></strong></span> <span class='ocrx_word' id='word_1_66' title='bbox 635 1103 931 1201; x_wconf 78' lang='grc' dir='ltr'><strong><em>φιλοσοφωτέραν</em></strong></span> <span class='ocrx_word' id='word_1_67' title='bbox 963 1094 1055 1172; x_wconf 84' lang='grc' dir='ltr'><strong><em>εἶναι</em></strong></span> <span class='ocrx_word' id='word_1_68' title='bbox 1090 1101 1151 1173; x_wconf 85' lang='grc' dir='ltr'><strong><em>καί</em></strong></span> <span class='ocrx_word' id='word_1_69' title='bbox 1185 1101 1352 1199; x_wconf 73' lang='grc' dir='ltr'><strong><em>ἀκέραιον</em></strong></span> <span class='ocrx_word' id='word_1_70' title='bbox 1385 1101 1455 1199; x_wconf 83' lang='grc' dir='ltr'><strong><em>τήν</em></strong></span> <span class='ocrx_word' id='word_1_71' title='bbox 1478 1099 1703 1194; x_wconf 86' lang='grc' dir='ltr'><strong><em>νομοθεσίαν</em></strong></span> <span class='ocrx_word' id='word_1_72' title='bbox 1729 1099 1887 1196; x_wconf 85' lang='grc' dir='ltr'><strong><em>ταύτην,</em></strong></span> <span class='ocrx_word' id='word_1_73' title='bbox 1924 1101 1977 1183; x_wconf 79' lang='grc' dir='ltr'><strong><em>ὥς</em></strong></span> <span class='ocrx_word' id='word_1_74' title='bbox 2001 1093 2051 1169; x_wconf 72' lang='grc' dir='ltr'><strong><em>ἂν</em></strong></span> 
     </span>
     <span class='ocr_line' id='line_1_7' title="bbox 167 1239 2051 1342; baseline -0.003 -23"><span class='ocrx_word' id='word_1_75' title='bbox 167 1241 283 1319; x_wconf 84' lang='grc' dir='ltr'><strong><em>οὖσαν</em></strong></span> <span class='ocrx_word' id='word_1_76' title='bbox 306 1243 426 1316; x_wconf 88' lang='grc' dir='ltr'><strong><em>θείαν.</em></strong></span> <span class='ocrx_word' id='word_1_77' title='bbox 475 1242 543 1317; x_wconf 88' lang='grc' dir='ltr'><strong><em>Διὸ</em></strong></span> <span class='ocrx_word' id='word_1_78' title='bbox 567 1239 688 1342; x_wconf 86' lang='grc' dir='ltr'><strong><em>πόρρω</em></strong></span> <span class='ocrx_word' id='word_1_79' title='bbox 713 1239 906 1330; x_wconf 90' lang='grc' dir='ltr'><strong><em>γεγόνασιν</em></strong></span> <span class='ocrx_word' id='word_1_80' title='bbox 933 1241 969 1311; x_wconf 83' lang='grc' dir='ltr'><strong><em>οἵ</em></strong></span> <span class='ocrx_word' id='word_1_81' title='bbox 997 1266 1037 1312; x_wconf 86' lang='grc' dir='ltr'><strong><em>τε</em></strong></span> <span class='ocrx_word' id='word_1_82' title='bbox 1062 1253 1283 1340; x_wconf 75' lang='grc' dir='ltr'><strong><em>συγγραφεῖς</em></strong></span> <span class='ocrx_word' id='word_1_83' title='bbox 1309 1240 1368 1313; x_wconf 88' lang='grc' dir='ltr'><strong><em>καλ</em></strong></span> <span class='ocrx_word' id='word_1_84' title='bbox 1394 1240 1547 1337; x_wconf 81' lang='grc' dir='ltr'><strong><em>ποιηταί</em></strong></span> <span class='ocrx_word' id='word_1_85' title='bbox 1579 1240 1638 1312; x_wconf 87' lang='grc' dir='ltr'><strong><em>καλ</em></strong></span> <span class='ocrx_word' id='word_1_86' title='bbox 1670 1242 1712 1311; x_wconf 81' lang='grc' dir='ltr'><strong><em>τὸ</em></strong></span> <span class='ocrx_word' id='word_1_87' title='bbox 1744 1247 1818 1311; x_wconf 82' lang='grc' dir='ltr'><strong><em>τῶν</em></strong></span> <span class='ocrx_word' id='word_1_88' title='bbox 1852 1245 2051 1337; x_wconf 76' lang='grc' dir='ltr'><strong><em>ἱστορικῶν</em></strong></span> 
     </span>
     <span class='ocr_line' id='line_1_8' title="bbox 166 1378 2051 1482; baseline -0.002 -27"><span class='ocrx_word' id='word_1_89' title='bbox 166 1386 315 1482; x_wconf 85' lang='grc' dir='ltr'><strong><em>πλῆθος</em></strong></span> <span class='ocrx_word' id='word_1_90' title='bbox 339 1389 408 1481; x_wconf 86' lang='grc' dir='ltr'><strong><em>τῆς</em></strong></span> <span class='ocrx_word' id='word_1_91' title='bbox 432 1379 660 1481; x_wconf 79' lang='grc' dir='ltr'><strong><em>ἐπιμνήσεως</em></strong></span> <span class='ocrx_word' id='word_1_92' title='bbox 685 1385 759 1453; x_wconf 83' lang='grc' dir='ltr'><strong><em>τῶν</em></strong></span> <span class='ocrx_word' id='word_1_93' title='bbox 784 1384 1052 1478; x_wconf 79' lang='grc' dir='ltr'><strong><em>προειρημένων</em></strong></span> <span class='ocrx_word' id='word_1_94' title='bbox 1076 1381 1222 1471; x_wconf 77' lang='grc' dir='ltr'><strong><em>βιβλίων</em></strong></span> <span class='ocrx_word' id='word_1_95' title='bbox 1247 1381 1307 1452; x_wconf 82' lang='grc' dir='ltr'><strong><em>καὶ</em></strong></span> <span class='ocrx_word' id='word_1_96' title='bbox 1331 1387 1407 1452; x_wconf 85' lang='grc' dir='ltr'><strong><em>τῶν</em></strong></span> <span class='ocrx_word' id='word_1_97' title='bbox 1430 1378 1507 1451; x_wconf 86' lang='grc' dir='ltr'><strong><em>κατ’</em></strong></span> <span class='ocrx_word' id='word_1_98' title='bbox 1533 1379 1629 1453; x_wconf 82' lang='grc' dir='ltr'><strong><em>αὐτὰ</em></strong></span> <span class='ocrx_word' id='word_1_99' title='bbox 1652 1382 1963 1473; x_wconf 77' lang='grc' dir='ltr'><strong><em>πεπολιτευμένων</em></strong></span> <span class='ocrx_word' id='word_1_100' title='bbox 1985 1378 2051 1452; x_wconf 79' lang='grc' dir='ltr'><strong><em>όν·</em></strong></span> 
     </span>
     <span class='ocr_line' id='line_1_9' title="bbox 167 1514 2051 1623; baseline -0.002 -29"><span class='ocrx_word' id='word_1_101' title='bbox 167 1528 262 1623; x_wconf 83' lang='grc' dir='ltr'><strong><em>δρῶν</em></strong></span> <span class='ocrx_word' id='word_1_102' title='bbox 294 1519 356 1595; x_wconf 85' lang='grc' dir='ltr'><strong><em>διὰ</em></strong></span> <span class='ocrx_word' id='word_1_103' title='bbox 382 1524 425 1596; x_wconf 86' lang='grc' dir='ltr'><strong><em>τὸ</em></strong></span> <span class='ocrx_word' id='word_1_104' title='bbox 459 1519 577 1621; x_wconf 86' lang='grc' dir='ltr'><strong><em>άγνήν</em></strong></span> <span class='ocrx_word' id='word_1_105' title='bbox 607 1547 690 1594; x_wconf 87' lang='grc' dir='ltr'><strong><em>τινα</em></strong></span> <span class='ocrx_word' id='word_1_106' title='bbox 715 1520 775 1593; x_wconf 81' lang='grc' dir='ltr'><strong><em>καί</em></strong></span> <span class='ocrx_word' id='word_1_107' title='bbox 800 1519 937 1620; x_wconf 85' lang='grc' dir='ltr'><strong><em>σεμνῆν</em></strong></span> <span class='ocrx_word' id='word_1_108' title='bbox 962 1514 1053 1592; x_wconf 83' lang='grc' dir='ltr'><strong><em>εἶναι</em></strong></span> <span class='ocrx_word' id='word_1_109' title='bbox 1079 1520 1148 1619; x_wconf 87' lang='grc' dir='ltr'><strong><em>τήν</em></strong></span> <span class='ocrx_word' id='word_1_110' title='bbox 1174 1527 1212 1592; x_wconf 81' lang='grc' dir='ltr'><strong><em>ἐν</em></strong></span> <span class='ocrx_word' id='word_1_111' title='bbox 1237 1520 1365 1609; x_wconf 81' lang='grc' dir='ltr'><strong><em>αὐτοῖς</em></strong></span> <span class='ocrx_word' id='word_1_112' title='bbox 1391 1520 1569 1619; x_wconf 86' lang='grc' dir='ltr'><strong><em>θεωρίαν,</em></strong></span> <span class='ocrx_word' id='word_1_113' title='bbox 1604 1517 1652 1608; x_wconf 82' lang='grc' dir='ltr'><strong><em>ὥς</em></strong></span> <span class='ocrx_word' id='word_1_114' title='bbox 1678 1538 1794 1620; x_wconf 88' lang='grc' dir='ltr'><strong><em>φησιν</em></strong></span> <span class='ocrx_word' id='word_1_115' title='bbox 1818 1521 2005 1608; x_wconf 82' lang='grc' dir='ltr'><strong><em>Ἑκαταῖος</em></strong></span> <span class='ocrx_word' id='word_1_116' title='bbox 2031 1522 2051 1590; x_wconf 87' lang='grc' dir='ltr'><strong><em>ό</em></strong></span> 
     </span>
     <span class='ocr_line' id='line_1_10' title="bbox 166 1656 2052 1763; baseline -0.003 -27"><span class='ocrx_word' id='word_1_117' title='bbox 166 1664 390 1763; x_wconf 77' lang='grc' dir='ltr'><strong><em>Ἀβδηρίτης.</em></strong></span> <span class='ocrx_word' id='word_1_118' title='bbox 441 1660 521 1735; x_wconf 79' lang='grc' dir='ltr'><strong><em>Ἐὰν</em></strong></span> <span class='ocrx_word' id='word_1_119' title='bbox 545 1657 612 1736; x_wconf 86' lang='grc' dir='ltr'><strong><em>οὖν</em></strong></span> <span class='ocrx_word' id='word_1_120' title='bbox 640 1660 828 1759; x_wconf 87' lang='grc' dir='ltr'><strong><em>φαίνηται,</em></strong></span> <span class='ocrx_word' id='word_1_121' title='bbox 861 1662 1023 1750; x_wconf 85' lang='grc' dir='ltr'><strong><em>βασιλεῦ,</em></strong></span> <span class='ocrx_word' id='word_1_122' title='bbox 1048 1659 1277 1760; x_wconf 89' lang='grc' dir='ltr'><strong><em>γραφήσεται</em></strong></span> <span class='ocrx_word' id='word_1_123' title='bbox 1301 1664 1393 1760; x_wconf 88' lang='grc' dir='ltr'><strong><em>πρὸς</em></strong></span> <span class='ocrx_word' id='word_1_124' title='bbox 1424 1664 1490 1733; x_wconf 83' lang='grc' dir='ltr'><strong><em>τὸν</em></strong></span> <span class='ocrx_word' id='word_1_125' title='bbox 1522 1661 1559 1731; x_wconf 78' lang='grc' dir='ltr'><strong><em>ἐν</em></strong></span> <span class='ocrx_word' id='word_1_126' title='bbox 1589 1656 1844 1759; x_wconf 84' lang='grc' dir='ltr'><strong><em>Ἱεροσολύμοις</em></strong></span> <span class='ocrx_word' id='word_1_127' title='bbox 1868 1656 2052 1757; x_wconf 74' lang='grc' dir='ltr'><strong><em>ἀρχιερέα,</em></strong></span> 
     </span>
    </p>
   </div>
   <div class='ocr_carea' id='block_1_2' title="bbox 166 1781 2055 1900">
    <p class='ocr_par' dir='ltr' id='par_1_2' title="bbox 166 1781 2055 1900">
     <span class='ocr_line' id='line_1_11' title="bbox 166 1781 2055 1900; baseline -0.003 -25"><span class='ocrx_word' id='word_1_128' title='bbox 166 1781 381 1876; x_wconf 70' lang='grc' dir='ltr'><strong><em>ἀποστεῖλαι</em></strong></span> <span class='ocrx_word' id='word_1_129' title='bbox 406 1800 494 1890; x_wconf 85' lang='grc' dir='ltr'><strong><em>τοὺς</em></strong></span> <span class='ocrx_word' id='word_1_130' title='bbox 517 1799 679 1898; x_wconf 83' lang='grc' dir='ltr'><strong><em>μάλιστα</em></strong></span> <span class='ocrx_word' id='word_1_131' title='bbox 711 1804 828 1891; x_wconf 80' lang='grc' dir='ltr'><strong><em>καλῶς</em></strong></span> <span class='ocrx_word' id='word_1_132' title='bbox 858 1799 1077 1893; x_wconf 88' lang='grc' dir='ltr'><strong><em>βεβιωκότας</em></strong></span> <span class='ocrx_word' id='word_1_133' title='bbox 1108 1802 1168 1874; x_wconf 82' lang='grc' dir='ltr'><strong><em>καί</em></strong></span> <span class='ocrx_word' id='word_1_134' title='bbox 1201 1803 1465 1900; x_wconf 78' lang='grc' dir='ltr'><strong><em>πρεσβυτέρους</em></strong></span> <span class='ocrx_word' id='word_1_135' title='bbox 1499 1799 1638 1900; x_wconf 86' lang='grc' dir='ltr'><strong><em>άνδρας</em></strong></span> <span class='ocrx_word' id='word_1_136' title='bbox 1669 1800 1728 1872; x_wconf 85' lang='grc' dir='ltr'><strong><em>καλ</em></strong></span> <span class='ocrx_word' id='word_1_137' title='bbox 1759 1786 1952 1899; x_wconf 78' lang='grc' dir='ltr'><strong><em>ἐμπείρους</em></strong></span> <span class='ocrx_word' id='word_1_138' title='bbox 1976 1804 2055 1873; x_wconf 81' lang='grc' dir='ltr'><strong><em>τῶν</em></strong></span> 
     </span>
    </p>
   </div>
   <div class='ocr_carea' id='block_1_3' title="bbox 167 1916 2066 4003">
    <p class='ocr_par' dir='ltr' id='par_1_3' title="bbox 167 1916 2066 4003">
     <span class='ocr_line' id='line_1_12' title="bbox 167 1916 2055 2043; baseline -0.001 -29"><span class='ocrx_word' id='word_1_139' title='bbox 167 1942 259 2016; x_wconf 88' lang='grc' dir='ltr'><strong><em>κατὰ</em></strong></span> <span class='ocrx_word' id='word_1_140' title='bbox 294 1943 359 2015; x_wconf 85' lang='grc' dir='ltr'><strong><em>τόν</em></strong></span> <span class='ocrx_word' id='word_1_141' title='bbox 390 1941 503 2038; x_wconf 91' lang='grc' dir='ltr'><strong><em>νόμον</em></strong></span> <span class='ocrx_word' id='word_1_142' title='bbox 537 1947 694 2029; x_wconf 78' lang='grc' dir='ltr'><strong><em>ἑαυτῶν,</em></strong></span> <span class='ocrx_word' id='word_1_143' title='bbox 726 1939 789 2041; x_wconf 81' lang='grc' dir='ltr'><strong><em>άφ’</em></strong></span> <span class='ocrx_word' id='word_1_144' title='bbox 815 1941 974 2041; x_wconf 79' lang='grc' dir='ltr'><strong><em>ἑκάστης</em></strong></span> <span class='ocrx_word' id='word_1_145' title='bbox 1006 1944 1123 2043; x_wconf 83' lang='grc' dir='ltr'><strong><em>φυλῆς</em></strong></span> <span class='ocrx_word' id='word_1_146' title='bbox 1156 1944 1204 2027; x_wconf 79' lang='grc' dir='ltr'><strong><em>ἓξ,</em></strong></span> <span class='ocrx_word' id='word_1_147' title='bbox 1242 1941 1340 2030; x_wconf 86' lang='grc' dir='ltr'><strong><em>ὅπως</em></strong></span> <span class='ocrx_word' id='word_1_148' title='bbox 1377 1944 1419 2013; x_wconf 84' lang='grc' dir='ltr'><strong><em>τὸ</em></strong></span> <span class='ocrx_word' id='word_1_149' title='bbox 1457 1939 1655 2040; x_wconf 88' lang='grc' dir='ltr'><strong><em>σύμφωνον</em></strong></span> <span class='ocrx_word' id='word_1_150' title='bbox 1691 1946 1728 2011; x_wconf 79' lang='grc' dir='ltr'><strong><em>ἐκ</em></strong></span> <span class='ocrx_word' id='word_1_151' title='bbox 1762 1947 1837 2011; x_wconf 85' lang='grc' dir='ltr'><strong><em>τῶν</em></strong></span> <span class='ocrx_word' id='word_1_152' title='bbox 1876 1916 2055 2013; x_wconf 84' lang='grc' dir='ltr'><strong><em>πλειόνων</em></strong></span> 
     </span>
     <span class='ocr_line' id='line_1_13' title="bbox 167 2079 2051 2182; baseline 0.003 -30"><span class='ocrx_word' id='word_1_153' title='bbox 167 2081 399 2172; x_wconf 59' lang='grc' dir='ltr'><strong><em>ἐξετάσαντες</em></strong></span> <span class='ocrx_word' id='word_1_154' title='bbox 433 2087 493 2156; x_wconf 84' lang='grc' dir='ltr'><strong><em>καὶ</em></strong></span> <span class='ocrx_word' id='word_1_155' title='bbox 526 2080 696 2173; x_wconf 84' lang='grc' dir='ltr'><strong><em>λαβόντες</em></strong></span> <span class='ocrx_word' id='word_1_156' title='bbox 731 2084 774 2154; x_wconf 84' lang='grc' dir='ltr'><strong><em>τὸ</em></strong></span> <span class='ocrx_word' id='word_1_157' title='bbox 799 2081 892 2154; x_wconf 85' lang='grc' dir='ltr'><strong><em>κατὰ</em></strong></span> <span class='ocrx_word' id='word_1_158' title='bbox 917 2087 988 2182; x_wconf 85' lang='grc' dir='ltr'><strong><em>τήν</em></strong></span> <span class='ocrx_word' id='word_1_159' title='bbox 1019 2083 1210 2180; x_wconf 83' lang='grc' dir='ltr'><strong><em>ἑρμηνείαν</em></strong></span> <span class='ocrx_word' id='word_1_160' title='bbox 1234 2080 1378 2175; x_wconf 81' lang='grc' dir='ltr'><strong><em>α’κριβὲς</em></strong></span> <span class='ocrx_word' id='word_1_161' title='bbox 1409 2081 1518 2169; x_wconf 79' lang='grc' dir='ltr'><strong><em>άξίως</em></strong></span> <span class='ocrx_word' id='word_1_162' title='bbox 1545 2081 1605 2152; x_wconf 82' lang='grc' dir='ltr'><strong><em>καί</em></strong></span> <span class='ocrx_word' id='word_1_163' title='bbox 1636 2087 1709 2154; x_wconf 81' lang='grc' dir='ltr'><strong><em>τῶν</em></strong></span> <span class='ocrx_word' id='word_1_164' title='bbox 1741 2079 1965 2176; x_wconf 73' lang='grc' dir='ltr'><strong><em>πραγμάτων</em></strong></span> <span class='ocrx_word' id='word_1_165' title='bbox 1986 2082 2051 2157; x_wconf 75' lang='grc' dir='ltr'><strong><em>καὶ</em></strong></span> 
     </span>
     <span class='ocr_line' id='line_1_14' title="bbox 167 2219 2054 2323; baseline 0 -30"><span class='ocrx_word' id='word_1_166' title='bbox 167 2231 237 2322; x_wconf 82' lang='grc' dir='ltr'><strong><em>τῆς</em></strong></span> <span class='ocrx_word' id='word_1_167' title='bbox 262 2231 334 2323; x_wconf 89' lang='grc' dir='ltr'><strong><em>σῆς</em></strong></span> <span class='ocrx_word' id='word_1_168' title='bbox 358 2227 600 2323; x_wconf 88' lang='grc' dir='ltr'><strong><em>προαιρέσεως</em></strong></span> <span class='ocrx_word' id='word_1_169' title='bbox 632 2225 762 2317; x_wconf 77' lang='grc' dir='ltr'><strong><em>θῶμεν</em></strong></span> <span class='ocrx_word' id='word_1_170' title='bbox 787 2221 966 2322; x_wconf 84' lang='grc' dir='ltr'><strong><em>εὐσήμως.</em></strong></span> <span class='ocrx_word' id='word_1_171' title='bbox 997 2233 1051 2277; x_wconf 86' lang='lat'><strong><em>&#39;-·</em></strong></span> <span class='ocrx_word' id='word_1_172' title='bbox 1082 2227 1158 2320; x_wconf 87' lang='grc' dir='ltr'><strong><em>Τῆς</em></strong></span> <span class='ocrx_word' id='word_1_173' title='bbox 1185 2221 1224 2296; x_wconf 83' lang='grc' dir='ltr'><strong><em>δὲ</em></strong></span> <span class='ocrx_word' id='word_1_174' title='bbox 1249 2219 1427 2312; x_wconf 79' lang='grc' dir='ltr'><strong><em>ἐκδόσεως</em></strong></span> <span class='ocrx_word' id='word_1_175' title='bbox 1459 2219 1599 2318; x_wconf 82' lang='grc' dir='ltr'><strong><em>ταύτης</em></strong></span> <span class='ocrx_word' id='word_1_176' title='bbox 1630 2221 1835 2319; x_wconf 85' lang='grc' dir='ltr'><strong><em>γενομένης,</em></strong></span> <span class='ocrx_word' id='word_1_177' title='bbox 1869 2220 2054 2295; x_wconf 74' lang='grc' dir='ltr'><strong><em>ἐκόλουσεν</em></strong></span> 
     </span>
     <span class='ocr_line' id='line_1_15' title="bbox 169 2348 2066 2462; baseline 0.003 -30"><span class='ocrx_word' id='word_1_178' title='bbox 169 2373 187 2433; x_wconf 76' lang='grc' dir='ltr'><strong><em>ο</em></strong></span> <span class='ocrx_word' id='word_1_179' title='bbox 214 2360 386 2454; x_wconf 82' lang='grc' dir='ltr'><strong><em>βασιλεύς</em></strong></span> <span class='ocrx_word' id='word_1_180' title='bbox 422 2367 607 2462; x_wconf 88' lang='grc' dir='ltr'><strong><em>γραφῆναι</em></strong></span> <span class='ocrx_word' id='word_1_181' title='bbox 642 2365 734 2462; x_wconf 88' lang='grc' dir='ltr'><strong><em>πρὸς</em></strong></span> <span class='ocrx_word' id='word_1_182' title='bbox 771 2364 836 2436; x_wconf 86' lang='grc' dir='ltr'><strong><em>τὸν</em></strong></span> <span class='ocrx_word' id='word_1_183' title='bbox 869 2360 1074 2461; x_wconf 83' lang='grc' dir='ltr'><strong><em>Ἐλεάζαρον</em></strong></span> <span class='ocrx_word' id='word_1_184' title='bbox 1112 2348 1185 2435; x_wconf 85' lang='grc' dir='ltr'><strong><em>κτλ.</em></strong></span> <span class='ocrx_word' id='word_1_185' title='bbox 1254 2360 1328 2437; x_wconf 87' lang='lat' dir='ltr'>Sed</span> <span class='ocrx_word' id='word_1_186' title='bbox 1369 2385 1434 2436; x_wconf 87' lang='lat' dir='ltr'><strong><em>rex</em></strong></span> <span class='ocrx_word' id='word_1_187' title='bbox 1473 2362 1554 2460; x_wconf 89' lang='lat' dir='ltr'>ipse</span> <span class='ocrx_word' id='word_1_188' title='bbox 1592 2360 1737 2457; x_wconf 75' lang='lat' dir='ltr'><strong><em>scripsit</em></strong></span> <span class='ocrx_word' id='word_1_189' title='bbox 1775 2361 1964 2460; x_wconf 76' lang='lat' dir='ltr'>epistolem</span> <span class='ocrx_word' id='word_1_190' title='bbox 2002 2361 2066 2439; x_wconf 75' lang='lat' dir='ltr'><strong><em>no.</em></strong></span> 
     </span>
     <span class='ocr_line' id='line_1_16' title="bbox 170 2500 2054 2600; baseline -0.002 -22"><span class='ocrx_word' id='word_1_191' title='bbox 170 2505 400 2593; x_wconf 70' lang='lat' dir='ltr'>Eleazarum,</span> <span class='ocrx_word' id='word_1_192' title='bbox 438 2526 617 2578; x_wconf 91' lang='lat' dir='ltr'>summum</span> <span class='ocrx_word' id='word_1_193' title='bbox 658 2500 998 2599; x_wconf 76' lang='lat' dir='ltr'><strong>Hierosolymorum</strong></span> <span class='ocrx_word' id='word_1_194' title='bbox 1032 2500 1254 2600; x_wconf 83' lang='lat' dir='ltr'>pontificem,</span> <span class='ocrx_word' id='word_1_195' title='bbox 1294 2525 1339 2575; x_wconf 85' lang='grc' dir='ltr'><strong><em>εκ</em></strong></span> <span class='ocrx_word' id='word_1_196' title='bbox 1375 2525 1446 2598; x_wconf 86' lang='lat' dir='ltr'>que</span> <span class='ocrx_word' id='word_1_197' title='bbox 1483 2501 1573 2574; x_wconf 82' lang='lat' dir='ltr'>hoec</span> <span class='ocrx_word' id='word_1_198' title='bbox 1606 2501 1857 2576; x_wconf 76' lang='lat' dir='ltr'>exscribimus.</span> <span class='ocrx_word' id='word_1_199' title='bbox 1916 2500 2054 2577; x_wconf 80' lang='lat' dir='ltr'>Euseb.</span> 
     </span>
     <span class='ocr_line' id='line_1_17' title="bbox 170 2637 2057 2743; baseline -0.004 -24"><span class='ocrx_word' id='word_1_200' title='bbox 170 2643 301 2743; x_wconf 85' lang='lat' dir='ltr'>Preep.</span> <span class='ocrx_word' id='word_1_201' title='bbox 325 2666 451 2739; x_wconf 76' lang='lat' dir='ltr'>evang.</span> <span class='ocrx_word' id='word_1_202' title='bbox 480 2641 581 2715; x_wconf 83' lang='lat' dir='ltr'>Viii.</span> <span class='ocrx_word' id='word_1_203' title='bbox 607 2641 644 2714; x_wconf 74' lang='grc'><strong><em>4.</em></strong></span> <span class='ocrx_word' id='word_1_204' title='bbox 696 2643 921 2733; x_wconf 80' lang='grc' dir='ltr'><strong><em>βουλομένων</em></strong></span> <span class='ocrx_word' id='word_1_205' title='bbox 958 2637 998 2711; x_wconf 79' lang='grc' dir='ltr'><strong><em>δι’</em></strong></span> <span class='ocrx_word' id='word_1_206' title='bbox 1032 2640 1136 2735; x_wconf 83' lang='grc' dir='ltr'><strong><em>ήμῶν</em></strong></span> <span class='ocrx_word' id='word_1_207' title='bbox 1168 2640 1228 2711; x_wconf 88' lang='grc' dir='ltr'><strong><em>καί</em></strong></span> <span class='ocrx_word' id='word_1_208' title='bbox 1261 2660 1322 2711; x_wconf 93' lang='grc' dir='ltr'><strong><em>σοι</em></strong></span> <span class='ocrx_word' id='word_1_209' title='bbox 1355 2639 1574 2735; x_wconf 84' lang='grc' dir='ltr'><strong><em>χαρίζεσθαι</em></strong></span> <span class='ocrx_word' id='word_1_210' title='bbox 1612 2639 1673 2710; x_wconf 85' lang='grc' dir='ltr'><strong><em>καλ</em></strong></span> <span class='ocrx_word' id='word_1_211' title='bbox 1708 2647 1801 2713; x_wconf 86' lang='grc' dir='ltr'><strong><em>πᾶσι</em></strong></span> <span class='ocrx_word' id='word_1_212' title='bbox 1836 2647 1915 2727; x_wconf 81' lang='grc' dir='ltr'><strong><em>τοῖς</em></strong></span> <span class='ocrx_word' id='word_1_213' title='bbox 1952 2644 2057 2711; x_wconf 82' lang='grc' dir='ltr'><strong><em>κατὰ</em></strong></span> 
     </span>
     <span class='ocr_line' id='line_1_18' title="bbox 170 2776 2061 2889; baseline -0.001 -37"><span class='ocrx_word' id='word_1_214' title='bbox 170 2781 478 2889; x_wconf 31' lang='grc' dir='ltr'><strong><em>τήνοοίκουμένην</em></strong></span> <span class='ocrx_word' id='word_1_215' title='bbox 502 2776 687 2866; x_wconf 80' lang='grc' dir='ltr'><strong><em>Ἰουδαίοις</em></strong></span> <span class='ocrx_word' id='word_1_216' title='bbox 720 2777 884 2865; x_wconf 78' lang='grc' dir='ltr'><strong><em>καὶτοῖς</em></strong></span> <span class='ocrx_word' id='word_1_217' title='bbox 918 2780 1129 2871; x_wconf 87' lang='grc' dir='ltr'><strong><em>μετέπειτα,</em></strong></span> <span class='ocrx_word' id='word_1_218' title='bbox 1162 2777 1407 2882; x_wconf 74' lang='grc' dir='ltr'><strong><em>προῃρήμεθα</em></strong></span> <span class='ocrx_word' id='word_1_219' title='bbox 1442 2780 1507 2850; x_wconf 87' lang='grc' dir='ltr'><strong><em>τόν</em></strong></span> <span class='ocrx_word' id='word_1_220' title='bbox 1540 2779 1650 2873; x_wconf 91' lang='grc' dir='ltr'><strong><em>νόμον</em></strong></span> <span class='ocrx_word' id='word_1_221' title='bbox 1674 2782 1777 2872; x_wconf 79' lang='grc' dir='ltr'><strong><em>ὑμῶν</em></strong></span> <span class='ocrx_word' id='word_1_222' title='bbox 1801 2781 2061 2875; x_wconf 88' lang='grc' dir='ltr'><strong><em>μεθερμηνευ-</em></strong></span> 
     </span>
     <span class='ocr_line' id='line_1_19' title="bbox 169 2915 2058 3024; baseline -0.002 -32"><span class='ocrx_word' id='word_1_223' title='bbox 169 2927 287 3019; x_wconf 81' lang='grc' dir='ltr'><strong><em>θῆναι</em></strong></span> <span class='ocrx_word' id='word_1_224' title='bbox 305 2917 518 3021; x_wconf 90' lang='grc' dir='ltr'><strong><em>γράμμασιν</em></strong></span> <span class='ocrx_word' id='word_1_225' title='bbox 542 2921 753 3017; x_wconf 82' lang='grc' dir='ltr'><strong><em>Ἑλληνικοῖς</em></strong></span> <span class='ocrx_word' id='word_1_226' title='bbox 771 2918 808 2991; x_wconf 78' lang='grc' dir='ltr'><strong><em>ἐκ</em></strong></span> <span class='ocrx_word' id='word_1_227' title='bbox 834 2924 910 2990; x_wconf 82' lang='grc' dir='ltr'><strong><em>τῶν</em></strong></span> <span class='ocrx_word' id='word_1_228' title='bbox 927 2916 1010 3020; x_wconf 85' lang='grc' dir='ltr'><strong><em>παρ’</em></strong></span> <span class='ocrx_word' id='word_1_229' title='bbox 1035 2920 1123 3013; x_wconf 84' lang='grc' dir='ltr'><strong><em>ὑμῖν</em></strong></span> <span class='ocrx_word' id='word_1_230' title='bbox 1146 2919 1337 3012; x_wconf 82' lang='grc' dir='ltr'><strong><em>Ἑβραϊκῶν</em></strong></span> <span class='ocrx_word' id='word_1_231' title='bbox 1357 2922 1554 3013; x_wconf 84' lang='grc' dir='ltr'><strong><em>λεγομένων</em></strong></span> <span class='ocrx_word' id='word_1_232' title='bbox 1575 2918 1808 3018; x_wconf 88' lang='grc' dir='ltr'><strong><em>γραμμάτων,</em></strong></span> <span class='ocrx_word' id='word_1_233' title='bbox 1833 2916 1875 2990; x_wconf 79' lang='grc' dir='ltr'><strong><em>ἵν’</em></strong></span> <span class='ocrx_word' id='word_1_234' title='bbox 1901 2915 2058 3024; x_wconf 84' lang='grc' dir='ltr'><strong><em>ὑπάρχῃ</em></strong></span> 
     </span>
     <span class='ocr_line' id='line_1_20' title="bbox 169 3054 2060 3169; baseline -0.002 -34"><span class='ocrx_word' id='word_1_235' title='bbox 169 3062 230 3135; x_wconf 87' lang='grc' dir='ltr'><strong><em>καλ</em></strong></span> <span class='ocrx_word' id='word_1_236' title='bbox 246 3058 566 3169; x_wconf 39' lang='grc' dir='ltr'><strong><em>ταῦτα’παρῖήμῖν</em></strong></span> <span class='ocrx_word' id='word_1_237' title='bbox 587 3064 626 3130; x_wconf 81' lang='grc' dir='ltr'><strong><em>έν</em></strong></span> <span class='ocrx_word' id='word_1_238' title='bbox 638 3057 860 3163; x_wconf 80' lang='grc' dir='ltr'><strong><em>βιβλιοθήκῃ</em></strong></span> <span class='ocrx_word' id='word_1_239' title='bbox 880 3061 951 3132; x_wconf 84' lang='grc' dir='ltr'><strong><em>σὺν</em></strong></span> <span class='ocrx_word' id='word_1_240' title='bbox 968 3071 1047 3148; x_wconf 84' lang='grc' dir='ltr'><strong><em>τοῖς</em></strong></span> <span class='ocrx_word' id='word_1_241' title='bbox 1067 3057 1190 3150; x_wconf 88' lang='grc' dir='ltr'><strong><em>άλλοις</em></strong></span> <span class='ocrx_word' id='word_1_242' title='bbox 1213 3063 1416 3150; x_wconf 88' lang='grc' dir='ltr'><strong><em>βασιλικοῖς</em></strong></span> <span class='ocrx_word' id='word_1_243' title='bbox 1440 3061 1602 3152; x_wconf 86' lang='grc' dir='ltr'><strong><em>βιβλίοις.</em></strong></span> <span class='ocrx_word' id='word_1_244' title='bbox 1640 3062 1776 3149; x_wconf 78' lang='grc' dir='ltr'><strong><em>Καλῶς</em></strong></span> <span class='ocrx_word' id='word_1_245' title='bbox 1797 3056 1863 3133; x_wconf 86' lang='grc' dir='ltr'><strong><em>οὖν</em></strong></span> <span class='ocrx_word' id='word_1_246' title='bbox 1883 3054 2060 3158; x_wconf 87' lang='grc' dir='ltr'><strong><em>ποιήσεις</em></strong></span> 
     </span>
     <span class='ocr_line' id='line_1_21' title="bbox 169 3198 2058 3315; baseline 0 -41"><span class='ocrx_word' id='word_1_247' title='bbox 169 3202 229 3274; x_wconf 87' lang='grc' dir='ltr'><strong><em>καλ</em></strong></span> <span class='ocrx_word' id='word_1_248' title='bbox 266 3209 336 3301; x_wconf 86' lang='grc' dir='ltr'><strong><em>τῆς</em></strong></span> <span class='ocrx_word' id='word_1_249' title='bbox 371 3201 549 3299; x_wconf 87' lang='grc' dir='ltr'><strong><em>ῆμετέρας</em></strong></span> <span class='ocrx_word' id='word_1_250' title='bbox 584 3200 760 3315; x_wconf 69' lang='grc' dir='ltr'><strong><em>ρπουδῆς</em></strong></span> <span class='ocrx_word' id='word_1_251' title='bbox 805 3198 931 3289; x_wconf 87' lang='grc' dir='ltr'><strong><em>άξίως,</em></strong></span> <span class='ocrx_word' id='word_1_252' title='bbox 975 3200 1136 3287; x_wconf 75' lang='grc' dir='ltr'><strong><em>ἐπιλέξας</em></strong></span> <span class='ocrx_word' id='word_1_253' title='bbox 1173 3199 1310 3300; x_wconf 84' lang='grc' dir='ltr'><strong><em>όίνδρας</em></strong></span> <span class='ocrx_word' id='word_1_254' title='bbox 1347 3203 1464 3290; x_wconf 83' lang='grc' dir='ltr'><strong><em>καλῶς</em></strong></span> <span class='ocrx_word' id='word_1_255' title='bbox 1507 3199 1737 3290; x_wconf 86' lang='grc' dir='ltr'><strong><em>βεβιωκότας,</em></strong></span> <span class='ocrx_word' id='word_1_256' title='bbox 1775 3204 2058 3301; x_wconf 76' lang='grc' dir='ltr'><strong><em>πρεσβυτερους,</em></strong></span> 
     </span>
     <span class='ocr_line' id='line_1_22' title="bbox 170 3337 2058 3443; baseline 0 -29"><span class='ocrx_word' id='word_1_257' title='bbox 170 3342 357 3439; x_wconf 77' lang='grc' dir='ltr'><strong><em>ἐμπειρίαν</em></strong></span> <span class='ocrx_word' id='word_1_258' title='bbox 381 3341 532 3434; x_wconf 73' lang='grc' dir='ltr'><strong><em>ἔχοντας</em></strong></span> <span class='ocrx_word' id='word_1_259' title='bbox 564 3347 631 3414; x_wconf 84' lang='grc' dir='ltr'><strong><em>τοῦ</em></strong></span> <span class='ocrx_word' id='word_1_260' title='bbox 665 3339 777 3435; x_wconf 88' lang='grc' dir='ltr'><strong><em>νόμου</em></strong></span> <span class='ocrx_word' id='word_1_261' title='bbox 811 3337 870 3413; x_wconf 83' lang='grc' dir='ltr'><strong><em>καί</em></strong></span> <span class='ocrx_word' id='word_1_262' title='bbox 906 3337 1086 3429; x_wconf 86' lang='grc' dir='ltr'><strong><em>δυνατοὺς</em></strong></span> <span class='ocrx_word' id='word_1_263' title='bbox 1116 3342 1348 3440; x_wconf 82' lang='grc' dir='ltr'><strong><em>ἑρμηνεῦσαι,</em></strong></span> <span class='ocrx_word' id='word_1_264' title='bbox 1383 3340 1445 3442; x_wconf 76' lang='grc' dir='ltr'><strong><em>ἀφ’</em></strong></span> <span class='ocrx_word' id='word_1_265' title='bbox 1480 3340 1638 3441; x_wconf 82' lang='grc' dir='ltr'><strong><em>ἑκάστης</em></strong></span> <span class='ocrx_word' id='word_1_266' title='bbox 1664 3344 1781 3443; x_wconf 90' lang='grc' dir='ltr'><strong><em>φυλῆς</em></strong></span> <span class='ocrx_word' id='word_1_267' title='bbox 1807 3340 1854 3435; x_wconf 77' lang='grc' dir='ltr'><strong><em>ἒξ,</em></strong></span> <span class='ocrx_word' id='word_1_268' title='bbox 1890 3344 1989 3430; x_wconf 86' lang='grc' dir='ltr'><strong><em>ὅπως</em></strong></span> <span class='ocrx_word' id='word_1_269' title='bbox 2015 3347 2058 3415; x_wconf 78' lang='grc' dir='ltr'><strong><em>ἐκ</em></strong></span> 
     </span>
     <span class='ocr_line' id='line_1_23' title="bbox 171 3478 2058 3583; baseline 0.003 -29"><span class='ocrx_word' id='word_1_270' title='bbox 171 3487 244 3554; x_wconf 81' lang='grc' dir='ltr'><strong><em>τῶν</em></strong></span> <span class='ocrx_word' id='word_1_271' title='bbox 268 3479 443 3553; x_wconf 85' lang='grc' dir='ltr'><strong><em>πλειόνων</em></strong></span> <span class='ocrx_word' id='word_1_272' title='bbox 467 3487 511 3554; x_wconf 82' lang='grc' dir='ltr'><strong><em>τὸ</em></strong></span> <span class='ocrx_word' id='word_1_273' title='bbox 537 3478 735 3580; x_wconf 83' lang='grc' dir='ltr'><strong><em>σύμφωνον</em></strong></span> <span class='ocrx_word' id='word_1_274' title='bbox 760 3483 897 3583; x_wconf 79' lang='grc' dir='ltr'><strong><em>εὑρεθῆ</em></strong></span> <span class='ocrx_word' id='word_1_275' title='bbox 923 3484 997 3554; x_wconf 83' lang='grc' dir='ltr'><strong><em>κτλ.</em></strong></span> <span class='ocrx_word' id='word_1_276' title='bbox 1036 3479 1094 3556; x_wconf 76' lang='lat' dir='ltr'><strong><em>Ad</em></strong></span> <span class='ocrx_word' id='word_1_277' title='bbox 1111 3478 1201 3557; x_wconf 82' lang='lat' dir='ltr'>hoec</span> <span class='ocrx_word' id='word_1_278' title='bbox 1218 3481 1406 3580; x_wconf 82' lang='lat' dir='ltr'>respondit</span> <span class='ocrx_word' id='word_1_279' title='bbox 1424 3481 1620 3559; x_wconf 74' lang='lat' dir='ltr'><strong>Eleazarus</strong></span> <span class='ocrx_word' id='word_1_280' title='bbox 1642 3483 1740 3582; x_wconf 84' lang='lat' dir='ltr'>opud</span> <span class='ocrx_word' id='word_1_281' title='bbox 1758 3483 1892 3559; x_wconf 78' lang='lat' dir='ltr'>Euseb.</span> <span class='ocrx_word' id='word_1_282' title='bbox 1908 3482 2058 3560; x_wconf 65' lang='lat' dir='ltr'>turm.</span> 
     </span>
     <span class='ocr_line' id='line_1_24' title="bbox 171 3618 2058 3722; baseline -0.001 -26"><span class='ocrx_word' id='word_1_283' title='bbox 171 3620 231 3696; x_wconf 85' lang='grc' dir='ltr'><strong><em>καλ</em></strong></span> <span class='ocrx_word' id='word_1_284' title='bbox 258 3619 356 3709; x_wconf 82' lang='grc' dir='ltr'><strong><em>ὅπως</em></strong></span> <span class='ocrx_word' id='word_1_285' title='bbox 379 3621 530 3717; x_wconf 86' lang='grc' dir='ltr'><strong><em>γένηται</em></strong></span> <span class='ocrx_word' id='word_1_286' title='bbox 555 3622 812 3718; x_wconf 87' lang='grc' dir='ltr'><strong><em>συμφερόντως</em></strong></span> <span class='ocrx_word' id='word_1_287' title='bbox 838 3621 899 3692; x_wconf 81' lang='grc' dir='ltr'><strong><em>καί</em></strong></span> <span class='ocrx_word' id='word_1_288' title='bbox 923 3619 999 3709; x_wconf 86' lang='grc' dir='ltr'><strong><em>μετ’</em></strong></span> <span class='ocrx_word' id='word_1_289' title='bbox 1028 3621 1230 3718; x_wconf 81' lang='grc' dir='ltr'><strong><em>ἀσφαλείας</em></strong></span> <span class='ocrx_word' id='word_1_290' title='bbox 1255 3619 1278 3718; x_wconf 89' lang='grc' dir='ltr'><strong><em>ή</em></strong></span> <span class='ocrx_word' id='word_1_291' title='bbox 1306 3628 1372 3695; x_wconf 85' lang='grc' dir='ltr'><strong><em>τοῦ</em></strong></span> <span class='ocrx_word' id='word_1_292' title='bbox 1400 3623 1506 3712; x_wconf 87' lang='grc' dir='ltr'><strong><em>άγίου</em></strong></span> <span class='ocrx_word' id='word_1_293' title='bbox 1528 3622 1641 3716; x_wconf 91' lang='grc' dir='ltr'><strong><em>νόμου</em></strong></span> <span class='ocrx_word' id='word_1_294' title='bbox 1665 3618 1893 3722; x_wconf 77' lang='grc' dir='ltr'><strong><em>μεταγραφῆ,</em></strong></span> <span class='ocrx_word' id='word_1_295' title='bbox 1920 3622 2058 3720; x_wconf 90' lang='grc' dir='ltr'><strong><em>παρόν-</em></strong></span> 
     </span>
     <span class='ocr_line' id='line_1_25' title="bbox 171 3756 2059 3868; baseline -0.001 -32"><span class='ocrx_word' id='word_1_296' title='bbox 171 3786 244 3836; x_wconf 76' lang='grc' dir='ltr'><strong><em>των</em></strong></span> <span class='ocrx_word' id='word_1_297' title='bbox 276 3758 435 3849; x_wconf 89' lang='grc' dir='ltr'><strong><em>πάντων,</em></strong></span> <span class='ocrx_word' id='word_1_298' title='bbox 461 3757 679 3859; x_wconf 75' lang='grc' dir='ltr'><strong><em>ἐπελεξάμην</em></strong></span> <span class='ocrx_word' id='word_1_299' title='bbox 702 3759 840 3857; x_wconf 88' lang='grc' dir='ltr'><strong><em>άνδρας</em></strong></span> <span class='ocrx_word' id='word_1_300' title='bbox 873 3758 1002 3848; x_wconf 87' lang='grc' dir='ltr'><strong><em>καλοὺς</em></strong></span> <span class='ocrx_word' id='word_1_301' title='bbox 1036 3759 1096 3833; x_wconf 84' lang='grc' dir='ltr'><strong><em>καλ</em></strong></span> <span class='ocrx_word' id='word_1_302' title='bbox 1122 3756 1303 3850; x_wconf 80' lang='grc' dir='ltr'><strong><em>α’γαθοός,</em></strong></span> <span class='ocrx_word' id='word_1_303' title='bbox 1338 3768 1614 3862; x_wconf 82' lang='grc' dir='ltr'><strong><em>πρεσβυτέρους,</em></strong></span> <span class='ocrx_word' id='word_1_304' title='bbox 1646 3758 1708 3862; x_wconf 78' lang='grc' dir='ltr'><strong><em>ἀφ’</em></strong></span> <span class='ocrx_word' id='word_1_305' title='bbox 1743 3761 1902 3868; x_wconf 83' lang='grc' dir='ltr'><strong><em>ἑκάστῃς</em></strong></span> <span class='ocrx_word' id='word_1_306' title='bbox 1935 3765 2059 3863; x_wconf 87' lang='grc' dir='ltr'><strong><em>φυλῆς</em></strong></span> 
     </span>
     <span class='ocr_line' id='line_1_26' title="bbox 172 3888 2059 4003; baseline 0.004 -29"><span class='ocrx_word' id='word_1_307' title='bbox 172 3902 219 3990; x_wconf 73' lang='grc' dir='ltr'><strong><em>ἓξ,</em></strong></span> <span class='ocrx_word' id='word_1_308' title='bbox 243 3896 307 3991; x_wconf 84' lang='grc' dir='ltr'><strong><em>οίίς</em></strong></span> <span class='ocrx_word' id='word_1_309' title='bbox 332 3901 393 3974; x_wconf 85' lang='grc' dir='ltr'><strong><em>καὶ</em></strong></span> <span class='ocrx_word' id='word_1_310' title='bbox 417 3898 694 3996; x_wconf 76' lang='grc' dir='ltr'><strong><em>ἀπεστάλκαμεν</em></strong></span> <span class='ocrx_word' id='word_1_311' title='bbox 719 3903 869 3992; x_wconf 79' lang='grc' dir='ltr'><strong><em>ἔχοντες</em></strong></span> <span class='ocrx_word' id='word_1_312' title='bbox 894 3904 960 3971; x_wconf 83' lang='grc' dir='ltr'><strong><em>τὸν</em></strong></span> <span class='ocrx_word' id='word_1_313' title='bbox 985 3901 1103 3996; x_wconf 86' lang='grc' dir='ltr'><strong><em>νόμον.</em></strong></span> <span class='ocrx_word' id='word_1_314' title='bbox 1157 3901 1238 3976; x_wconf 82' lang='lat' dir='ltr'>Alio</span> <span class='ocrx_word' id='word_1_315' title='bbox 1262 3888 1349 3977; x_wconf 80' lang='lat' dir='ltr'>voro</span> <span class='ocrx_word' id='word_1_316' title='bbox 1371 3902 1450 3976; x_wconf 87' lang='lat' dir='ltr'>ioco</span> <span class='ocrx_word' id='word_1_317' title='bbox 1477 3900 1594 3994; x_wconf 82' lang='grc' dir='ltr'><strong>(ΧΙΙΙ.</strong></span> <span class='ocrx_word' id='word_1_318' title='bbox 1620 3901 1693 4003; x_wconf 79' lang='lat'>12.)</span> <span class='ocrx_word' id='word_1_319' title='bbox 1723 3904 1903 3981; x_wconf 72' lang='lat' dir='ltr'>Eusebius</span> <span class='ocrx_word' id='word_1_320' title='bbox 1929 3903 2059 3999; x_wconf 80' lang='lat' dir='ltr'>tradit,</span> 
     </span>
    </p>
   </div>
   <div class='ocr_carea' id='block_1_4' title="bbox 172 4039 2059 4267">
    <p class='ocr_par' dir='ltr' id='par_1_4' title="bbox 172 4039 2059 4267">
     <span class='ocr_line' id='line_1_27' title="bbox 174 4039 2059 4142; baseline 0.002 -26"><span class='ocrx_word' id='word_1_321' title='bbox 174 4041 419 4142; x_wconf 79' lang='lat' dir='ltr'>Aristobuium</span> <span class='ocrx_word' id='word_1_322' title='bbox 437 4039 618 4117; x_wconf 76' lang='lat' dir='ltr'>Judaeum</span> <span class='ocrx_word' id='word_1_323' title='bbox 645 4042 690 4114; x_wconf 86' lang='lat' dir='ltr'>ed</span> <span class='ocrx_word' id='word_1_324' title='bbox 718 4063 837 4140; x_wconf 80' lang='lat' dir='ltr'>regem</span> <span class='ocrx_word' id='word_1_325' title='bbox 858 4042 1103 4116; x_wconf 88' lang='lat' dir='ltr'>Ptoiemssum</span> <span class='ocrx_word' id='word_1_326' title='bbox 1129 4040 1407 4116; x_wconf 84' lang='lat' dir='ltr'>Philometorem</span> <span class='ocrx_word' id='word_1_327' title='bbox 1432 4042 1634 4140; x_wconf 82' lang='lat' dir='ltr'>scripsisse,</span> <span class='ocrx_word' id='word_1_328' title='bbox 1663 4044 1774 4119; x_wconf 86' lang='lat' dir='ltr'>Musis</span> <span class='ocrx_word' id='word_1_329' title='bbox 1801 4044 1947 4139; x_wconf 90' lang='lat' dir='ltr'>iibros¹)</span> <span class='ocrx_word' id='word_1_330' title='bbox 1967 4056 2059 4120; x_wconf 86' lang='lat' dir='ltr'>sote</span> 
     </span>
     <span class='ocr_line' id='line_1_28' title="bbox 172 4162 2059 4267; baseline 0.003 -29"><span class='ocrx_word' id='word_1_331' title='bbox 172 4162 398 4240; x_wconf 81' lang='lat' dir='ltr'>Demetrium</span> <span class='ocrx_word' id='word_1_332' title='bbox 425 4165 641 4241; x_wconf 84' lang='lat' dir='ltr'>Pbeiereum</span> <span class='ocrx_word' id='word_1_333' title='bbox 668 4188 797 4263; x_wconf 78' lang='lat' dir='ltr'><strong><em>gruere</em></strong></span> <span class='ocrx_word' id='word_1_334' title='bbox 821 4166 1017 4241; x_wconf 76' lang='lat' dir='ltr'>transistus</span> <span class='ocrx_word' id='word_1_335' title='bbox 1043 4162 1176 4256; x_wconf 83' lang='lat' dir='ltr'>inisse3</span> <span class='ocrx_word' id='word_1_336' title='bbox 1202 4174 1314 4241; x_wconf 89' lang='lat' dir='ltr'>totsm</span> <span class='ocrx_word' id='word_1_337' title='bbox 1343 4184 1430 4239; x_wconf 82' lang='lat' dir='ltr'>vero</span> <span class='ocrx_word' id='word_1_338' title='bbox 1455 4169 1672 4267; x_wconf 82' lang='lat' dir='ltr'>scripturum</span> <span class='ocrx_word' id='word_1_339' title='bbox 1693 4165 1798 4266; x_wconf 90' lang='lat' dir='ltr'>jussu</span> <span class='ocrx_word' id='word_1_340' title='bbox 1825 4164 2059 4266; x_wconf 74' lang='lat' dir='ltr'>Philadelphi</span> 
     </span>
    </p>
   </div>
   <div class='ocr_carea' id='block_1_5' title="bbox 216 4409 2059 4824">
    <p class='ocr_par' dir='ltr' id='par_1_5' title="bbox 216 4409 2059 4824">
     <span class='ocr_line' id='line_1_29' title="bbox 216 4409 2059 4503; baseline 0.004 -25"><span class='ocrx_word' id='word_1_341' title='bbox 216 4409 244 4487; x_wconf 93' lang='lat'><strong><em>¹)</em></strong></span> <span class='ocrx_word' id='word_1_342' title='bbox 265 4412 339 4478; x_wconf 78' lang='lat' dir='ltr'>run</span> <span class='ocrx_word' id='word_1_343' title='bbox 361 4429 433 4476; x_wconf 84' lang='lat' dir='ltr'>vero</span> <span class='ocrx_word' id='word_1_344' title='bbox 452 4415 568 4480; x_wconf 86' lang='lat' dir='ltr'>nonnisi</span> <span class='ocrx_word' id='word_1_345' title='bbox 591 4416 806 4498; x_wconf 84' lang='lat' dir='ltr'>penisteuobos</span> <span class='ocrx_word' id='word_1_346' title='bbox 828 4416 986 4481; x_wconf 82' lang='lat' dir='ltr'>trsnsutus</span> <span class='ocrx_word' id='word_1_347' title='bbox 1008 4424 1069 4495; x_wconf 88' lang='lat' dir='ltr'>est,</span> <span class='ocrx_word' id='word_1_348' title='bbox 1099 4418 1184 4500; x_wconf 75' lang='lat' dir='ltr'>ouius</span> <span class='ocrx_word' id='word_1_349' title='bbox 1206 4417 1372 4482; x_wconf 79' lang='lat' dir='ltr'>versionem</span> <span class='ocrx_word' id='word_1_350' title='bbox 1393 4419 1611 4500; x_wconf 78' lang='lat' dir='ltr'>posterioribus</span> <span class='ocrx_word' id='word_1_351' title='bbox 1631 4412 1748 4481; x_wconf 83' lang='lat' dir='ltr'>denum</span> <span class='ocrx_word' id='word_1_352' title='bbox 1771 4420 1953 4503; x_wconf 77' lang='lat' dir='ltr'>temporibus</span> <span class='ocrx_word' id='word_1_353' title='bbox 1975 4437 2059 4502; x_wconf 83' lang='lat' dir='ltr'>pns-</span> 
     </span>
     <span class='ocr_line' id='line_1_30' title="bbox 270 4519 2058 4610; baseline 0.006 -27"><span class='ocrx_word' id='word_1_354' title='bbox 270 4519 350 4588; x_wconf 80' lang='lat' dir='ltr'>istim</span> <span class='ocrx_word' id='word_1_355' title='bbox 379 4528 493 4584; x_wconf 82' lang='lat' dir='ltr'>secute</span> <span class='ocrx_word' id='word_1_356' title='bbox 521 4529 591 4584; x_wconf 89' lang='lat' dir='ltr'>sunt</span> <span class='ocrx_word' id='word_1_357' title='bbox 611 4523 793 4605; x_wconf 81' lang='lat' dir='ltr'>reliquorum</span> <span class='ocrx_word' id='word_1_358' title='bbox 817 4523 956 4588; x_wconf 89' lang='lat' dir='ltr'>tibrormn</span> <span class='ocrx_word' id='word_1_359' title='bbox 978 4525 1141 4589; x_wconf 82' lang='lat' dir='ltr'>divinorum</span> <span class='ocrx_word' id='word_1_360' title='bbox 1164 4527 1332 4606; x_wconf 86' lang='lat' dir='ltr'>versiones,</span> <span class='ocrx_word' id='word_1_361' title='bbox 1363 4533 1464 4610; x_wconf 87' lang='lat' dir='ltr'>utpote</span> <span class='ocrx_word' id='word_1_362' title='bbox 1487 4543 1561 4607; x_wconf 82' lang='lat' dir='ltr'>quas</span> <span class='ocrx_word' id='word_1_363' title='bbox 1589 4542 1649 4588; x_wconf 91' lang='lat' dir='ltr'><strong><em>non</em></strong></span> <span class='ocrx_word' id='word_1_364' title='bbox 1668 4527 1705 4590; x_wconf 82' lang='lat' dir='ltr'>rb</span> <span class='ocrx_word' id='word_1_365' title='bbox 1727 4545 1788 4592; x_wconf 90' lang='lat' dir='ltr'><strong><em>uno</em></strong></span> <span class='ocrx_word' id='word_1_366' title='bbox 1809 4529 1863 4595; x_wconf 87' lang='lat' dir='ltr'>sed</span> <span class='ocrx_word' id='word_1_367' title='bbox 1886 4547 1903 4593; x_wconf 85' lang='grc' dir='ltr'><strong><em>ι</em></strong></span> <span class='ocrx_word' id='word_1_368' title='bbox 1925 4527 2058 4595; x_wconf 84' lang='lat' dir='ltr'>diversis</span> 
     </span>
     <span class='ocr_line' id='line_1_31' title="bbox 270 4628 2056 4718; baseline 0.006 -26"><span class='ocrx_word' id='word_1_369' title='bbox 270 4629 442 4693; x_wconf 87' lang='lat' dir='ltr'>ouotoribus</span> <span class='ocrx_word' id='word_1_370' title='bbox 464 4628 613 4711; x_wconf 84' lang='lat' dir='ltr'>proiectus</span> <span class='ocrx_word' id='word_1_371' title='bbox 634 4648 705 4694; x_wconf 86' lang='lat' dir='ltr'>esse</span> <span class='ocrx_word' id='word_1_372' title='bbox 725 4638 843 4695; x_wconf 86' lang='lat' dir='ltr'>ooostot</span> <span class='ocrx_word' id='word_1_373' title='bbox 866 4651 905 4696; x_wconf 86' lang='lat' dir='ltr'>ex</span> <span class='ocrx_word' id='word_1_374' title='bbox 928 4634 1056 4715; x_wconf 83' lang='lat' dir='ltr'>ipsorum</span> <span class='ocrx_word' id='word_1_375' title='bbox 1079 4635 1247 4698; x_wconf 78' lang='lat' dir='ltr'>versionum</span> <span class='ocrx_word' id='word_1_376' title='bbox 1271 4633 1378 4701; x_wconf 83' lang='lat' dir='ltr'>indolis</span> <span class='ocrx_word' id='word_1_377' title='bbox 1399 4654 1436 4699; x_wconf 82' lang='lat' dir='ltr'>ro</span> <span class='ocrx_word' id='word_1_378' title='bbox 1456 4634 1527 4718; x_wconf 78' lang='lat' dir='ltr'>styli</span> <span class='ocrx_word' id='word_1_379' title='bbox 1550 4633 1729 4702; x_wconf 77' lang='lat' dir='ltr'>diversitate.</span> <span class='ocrx_word' id='word_1_380' title='bbox 1752 4635 1899 4703; x_wconf 74' lang='lat' dir='ltr'>oiston.</span> <span class='ocrx_word' id='word_1_381' title='bbox 1923 4634 1961 4700; x_wconf 89' lang='grc' dir='ltr'><strong><em>δο</em></strong></span> <span class='ocrx_word' id='word_1_382' title='bbox 1984 4637 2056 4703; x_wconf 80' lang='lat' dir='ltr'>disi.</span> 
     </span>
     <span class='ocr_line' id='line_1_32' title="bbox 271 4730 1657 4824; baseline 0.007 -26"><span class='ocrx_word' id='word_1_383' title='bbox 271 4735 344 4801; x_wconf 79' lang='lat' dir='ltr'>tiro.</span> <span class='ocrx_word' id='word_1_384' title='bbox 366 4743 399 4800; x_wconf 88' lang='lat' dir='ltr'><strong><em>ot</em></strong></span> <span class='ocrx_word' id='word_1_385' title='bbox 420 4736 508 4803; x_wconf 74' lang='lat' dir='ltr'>tier.</span> <span class='ocrx_word' id='word_1_386' title='bbox 527 4755 557 4822; x_wconf 79' lang='lat' dir='ltr'><strong><em>p·</em></strong></span> <span class='ocrx_word' id='word_1_387' title='bbox 577 4730 629 4802; x_wconf 70' lang='grc'><strong><em>26.</em></strong></span> <span class='ocrx_word' id='word_1_388' title='bbox 652 4736 842 4804; x_wconf 83' lang='lat' dir='ltr'>i’entsteuobi</span> <span class='ocrx_word' id='word_1_389' title='bbox 865 4748 961 4806; x_wconf 74' lang='lat' dir='ltr'>timeo</span> <span class='ocrx_word' id='word_1_390' title='bbox 985 4744 1083 4807; x_wconf 80' lang='lat' dir='ltr'>versio</span> <span class='ocrx_word' id='word_1_391' title='bbox 1105 4744 1142 4809; x_wconf 86' lang='lat' dir='ltr'><strong><em>sb</em></strong></span> <span class='ocrx_word' id='word_1_392' title='bbox 1163 4758 1223 4807; x_wconf 89' lang='lat' dir='ltr'><strong><em>uno</em></strong></span> <span class='ocrx_word' id='word_1_393' title='bbox 1244 4750 1367 4815; x_wconf 84' lang='lat' dir='ltr'>snetore</span> <span class='ocrx_word' id='word_1_394' title='bbox 1388 4741 1505 4807; x_wconf 82' lang='lat' dir='ltr'>vitetur</span> <span class='ocrx_word' id='word_1_395' title='bbox 1525 4741 1657 4824; x_wconf 80' lang='lat' dir='ltr'>proiecte</span> 
     </span>
    </p>
   </div>
   <div class='ocr_carea' id='block_1_6' title="bbox 0 0 2083 5234">
    <p class='ocr_par' dir='ltr' id='par_1_6' title="bbox 0 0 2083 5234">
     <span class='ocr_line' id='line_1_33' title="bbox 0 0 2083 5234; baseline 0 0"><span class='ocrx_word' id='word_1_396' title='bbox 0 0 2083 5234; x_wconf 95' lang='lat' dir='ltr'><strong><em> </em></strong></span> 
     </span>
    </p>
   </div>
  </div>
 </body>
</html>
