4140 5234
1006 215 1081 317 '21

614 438 652 525 l.
722 412 938 554 Opera
983 436 1463 555 philosophica.

207 629 264 703 Arl
292 627 617 726 philosophicorum
645 650 795 737 operum
823 627 985 719 classem,
1011 624 1107 725 quod
1130 622 1274 741 quidem
1301 650 1347 700 ex
1375 625 1547 745 librorum
1576 625 1688 702 titulis
1714 627 1830 727 colligi
1859 633 1982 731 possit,

105 746 196 827 haec
222 750 423 849 pertinente

142 904 189 972 l.
216 896 413 997 Ἐρωτικός,
440 896 487 971 de
513 921 635 971 amore
660 895 739 971 sive
767 895 813 969 de
839 895 948 971 rebus
974 893 1205 992 amatoriis.¹)

153 1023 458 1115 2.Πτο1εμοζος.
512 1021 775 1112 Ptolemaeum,
809 1016 1056 1121 1113111111111,
1089 1018 1223 1120 dictum
1257 1042 1341 1093 esse
1368 1017 1561 1095 verisimile
1586 1003 1654 1097 est.
1712 1021 1826 1098 Hunc
1852 1023 1981 1101 librum

58 1192 61 1197 -
205 1168 358 1241 eosque,
384 1143 444 1241 qui
471 1153 691 1241 sequantur,
723 1155 861 1240 septem
893 1140 1054 1241 dialogos
1081 1141 1347 1240 philosophicos
1380 1141 1494 1217 fuisse
1520 1143 1670 1231 aliorum
1697 1147 1886 1238 librorum,
1922 1148 1982 1247 qui

206 1266 325 1341 adhuc
342 1277 498 1356 exstant,
523 1265 661 1340 indices
680 1263 843 1340 indicare
868 1264 1048 1357 ridentur,
1074 1288 1287 1363 quamquam
1315 1275 1352 1339 et
1368 1265 1464 1358 hunc
1483 1278 1521 1339 et
1540 1266 1640 1359 alios,
1667 1279 1707 1342 ut
1730 1271 1982 1366 Artaxerxem,

206 1389 433 1486 Dionysium,
458 1391 551 1462 vitas
577 1387 717 1462 illorum
746 1387 902 1462 virorum
930 1387 1029 1464 libris
1052 1386 1305 1486 inscriptorum
1330 1389 1553 1465 continuisse
1578 1391 1754 1490 suspicari
1781 1392 1875 1467 licet.

155 1509 755 1599 3.Φαιδο1νδας.Ρ1]οο(1οοάοο
789 1510 1005 1604 Thebanus,
1043 1534 1114 1586 non
1150 1511 1385 1609 Cyrenaeus,
1419 1512 1480 1617 (cl.
1508 1512 1698 1588 Ruhnken
1734 1514 1778 1589 ad
1815 1512 1982 1616 Xenoph.

208 1637 313 1714 diem.
341 1635 368 1708 l.
395 1635 428 1708 2.
447 1633 531 1729 AB.)
558 1633 717 1707 Socratis
744 1633 814 1708 luit
838 1632 1049 1733 discipulus,
1074 1659 1180 1732 quem
1211 1633 1354 1709 Plato
1344 1658 1379 1709 rn
1411 1634 1603 1711 Phaetho.
1632 1636 1697 1711 lll
1723 1661 1804 1712 cum
1833 1638 1985 1714 Socrate

206 1760 253 1833 de
278 1760 476 1835 animorum
504 1757 771 1832 immortalitate
797 1759 1059 1856 colloquentem
1085 1758 1181 1833 lecit.

156 1885 190 1957 4.
219 1881 386 1954 Μαίδων.
439 1879 534 1977 Quis
561 1880 685 1972 luerit,
723 1880 939 1979 ignoramus.

180 2062 299 2201 'hunc
324 2060 508 2201 librum'
479 2153 555 2202 srvc
582 2127 762 2227 dialogum
784 2128 831 2201 de
855 2127 1003 2202 libidine
1028 2128 1272 2228 conscriptum
1296 2153 1377 2204 esse
1395 2057 1610 2228 conjicio,
1590 2153 1670 2204 nam
1656 2058 1863 2204 'Cleonele
1882 2129 1982 2205 illum

204 2248 461 2320 concitatorem
488 2249 586 2344 vulgi
613 2250 748 2323 dictum
776 2271 952 2331 essenon
979 2260 1044 2338 est,
1074 2253 1172 2346 quod
1198 2249 1452 2347 conjectemus.

152 2370 188 2442 o.
216 2369 453 2468 Ἀρταξέρξης.
506 2369 599 2466 Quis
624 2367 881 2466 intelligendus
906 2368 972 2461 sit,
996 2368 1145 2445 dubium
1170 2381 1237 2446 est.
1646 2470 1649 2475 Ι

153 2493 187 2565 1.
214 2492 457 2591 Ἀριστείδης,
496 2491 673 2569 Aristides
705 2491 784 2567 sire
817 2492 863 2567 rle
891 2491 1045 2592 justitia.
1102 2492 1217 2570 llunc
1247 2493 1376 2569 librum
1412 2493 1521 2569 vitam
1558 2493 1731 2572 Aristidis
1763 2496 1984 2576 continuisse

203 2641 274 2690 non
301 2629 359 2691 est
384 2615 596 2709 verisimile,
622 2615 718 2713 qaod
745 2614 768 2688 ii
794 2614 1006 2715 scriptores,
1031 2614 1092 2715 qui
1116 2640 1175 2692 res
1199 2614 1245 2691 ad
1270 2614 1440 2692 Aristidis
1464 2617 1573 2694 vitam
1601 2616 1826 2717 pertinentes
1852 2619 1983 2695 Deme·

203 2739 272 2813 trio
301 2740 476 2815 Phalereo
502 2750 652 2815 auctore
678 2735 921 2832 tradiderunt,
955 2763 1018 2814 eas
1052 2763 1097 2813 ex
1132 2739 1305 2815 Demetrii
1340 2740 1449 2835 libro,
1484 2738 1546 2840 qui
1580 2740 1751 2847 Socrates
1785 2741 1983 2843 inscriptus

204 2875 270 2952 est,
296 2839 337 2936 se
363 2862 529 2937 hausisse
556 2860 781 2959 profitentur.
1930 2842 1933 2847 ⁵

151 2986 186 3059 ΘΙ
212 2983 484 3084 Ἀριστόμαχος,
529 2984 631 3080 Diog.
657 2982 778 3057 luabrt.
805 2982 846 3055 V.
872 2982 905 3056 A.
921 2982 982 3057 10.
1022 2983 1309 3060 Aristomachum
1333 2985 1510 3084 quendam
1532 2984 1569 3059 in
1597 2983 1757 3084 Lyconis
1784 2989 1980 3064 amicorum

203 3132 391 3184 numerum
419 3107 551 3196 relert3
588 3105 748 3204 aequalis
781 3104 892 3203 igitur
922 3101 993 3180 fuit
1027 3105 1219 3200 Demetrii3
1256 3131 1341 3183 num
1377 3132 1464 3183 vero
1497 3132 1543 3183 ex
1579 3131 1622 3182 eo
1655 3109 1820 3208 dialogus
1853 3135 1980 3187 nomen

204 3231 353 3330 ceperit,
380 3230 549 3330 cognosci
575 3249 645 3304 non
673 3241 804 3329 potest.

156 3354 192 3431 a.
220 3352 427 3444 Aroidocog,
468 3353 667 3452 Dionysius
692 3352 769 3429 sive
796 3351 843 3427 de
868 3351 1022 3427 luxurie.

129 3495 187 3570 111.
217 3483 448 3598 Σωκράτης.
500 3494 600 3568 lolem
627 3507 684 3568 est
710 3493 810 3584 liber,
836 3494 896 3592 qui
923 3518 943 3568 a
971 3493 1134 3591 Diogene
1160 3491 1308 3569 Laertio
1333 3489 1399 3569 lx.
1430 3495 1459 3568 Ι.
1489 3495 1543 3570 111.
1579 3493 1641 3570 ΙΧ.
1667 3495 1702 3570 1.
1731 3497 1765 3569 5.
1802 3495 1864 3570 lx.
1891 3497 1926 3572 a.
1949 3501 1982 3573 1.

203 3618 428 3713 Σωκράτους
454 3617 631 3706 ἀπολογία
656 3616 850 3713 inscriptus
875 3616 1025 3707 citatur,
1062 3639 1174 3714 quare
1206 3602 1494 3713 1οότςυωοηίο
1526 3615 1636 3716 hujus
1668 3618 1748 3695 libri
1775 3617 1875 3694 dubii
1901 3644 1983 3697 esse

205 3764 276 3815 non
303 3764 504 3836 pessumus.
544 3740 590 3814 el.
616 3739 766 3815 densius
793 3737 1101 3836 descriptoribus
1127 3738 1299 3815 historiae
1324 3739 1594 3841 philosophicae
1620 3741 1646 3814 l.
1668 3745 1725 3814 18.
1753 3738 1878 3840 Hujus
1902 3743 1982 3817 libri

204 3865 376 3938 nonnulla
403 3863 602 3962 fragmenta
628 3861 869 3963 reperiuntur.

922 4029 1094 4134 Fragm.
1136 4033 1163 4109 l.

800 4156 904 4259 Dlog.
931 4160 1053 4236 laert.
1090 4157 1153 4234 lX.
1178 4159 1213 4234 1.
1240 4157 1274 4235 A.

205 4298 415 4400 Δημήτριος
447 4298 535 4375 di
520 4329 539 4374 o
569 4298 761 4400 Φαληρεὺς
792 4307 832 4374 ἐν
856 4307 904 4404 τῇ
930 4297 1158 4471 Σωκράτους
1189 4297 1366 4397 ἀπολογίᾳ
1391 4278 1508 4398 μηδὲ
1534 4276 1678 4366 ilfi-siv
1713 4317 1830 4396 φησιν
1854 4281 1982 4367 adeda

104 4438 387 4546 (Democritum)
420 4429 480 4520 ele
505 4420 702 4532 Ἀθήνας

149 4638 432 4728 ¹)lheopbrsslom
454 4657 591 4724 qaoque,
612 4656 673 4725 qno
701 4646 899 4724 praeceptore
918 4643 1097 4708 mnemon
1123 4650 1208 4706 asam
1231 4634 1604 4716 memorandorum,
1631 4626 1779 4711 Ἐρωτικόν
1798 4634 1980 4735 inscriptum,

203 4752 379 4833 confecisse,
400 4750 536 4816 nolemus
556 4770 595 4816 ex
608 4752 746 4833 Diogene
757 4748 877 4815 Laertio
889 4749 963 4817 m
979 4749 1039 4830 43,
1061 4749 1113 4830 qui
1127 4746 1324 4830 'lbeepbresti
1343 4745 1520 4828 scriptorum
1536 4744 1662 4809 lndlaem
1676 4743 1826 4809 memorie
1842 4740 1980 4825 prodidit.
