4140 5234
85 454 138 547 τῷ
171 445 393 544 Πτολεμαίῳ
424 444 652 538 νομοθεσίας
677 440 808 540 ἦρξεῑ)
872 442 1027 516 Multum
1062 444 1236 540 temporis
1271 444 1496 522 Demetrium
1531 448 1602 523 illie
1636 460 1812 536 moratum
1848 479 1969 553 regem

87 570 239 646 oonsilio
263 595 330 644 suo
356 566 549 667 adjuvisse,
575 567 689 642 tradit
716 565 940 664 Hermippus
966 565 1063 663 apud
1089 566 1191 664 Diog.
1220 568 1342 645 lauert,
1367 570 1410 650 V.
1429 574 1462 643 5.
1483 572 1543 646 78.
1568 572 1669 646 adura
1693 573 1823 671 χρόνον
1848 578 1972 651 ίκανὸν

86 696 325 791 διατρίβοντα
350 690 608 786 συμβουλεύειν
633 697 683 788 cpi
709 689 929 787 Πτολεμαίῳ
953 691 1026 760 κτλ.
1079 689 1206 787 ltaque
1231 691 1363 766 lactum
1392 707 1465 783 ost,
1499 720 1608 793 quom
1639 698 1883 790 Ptolemaeus,
1909 672 1973 801 qui

89 830 128 894 at
152 820 229 915 ipse
256 819 456 892 litterarum
483 814 751 890 amantissimus
777 824 874 887 esset
895 824 933 886 et
958 813 1158 886 litterarum
1180 814 1402 890 humanitate
1419 818 1576 907 floreret,
1596 817 1670 918 jam
1697 822 1743 895 ab
1763 823 1969 919 Aristotele,

90 953 132 1017 nt
156 942 326 1037 Strabo²)
354 941 477 1029 docet,
508 939 552 1012 ad
580 938 615 1011 id
651 937 831 1011 excitatus
859 938 913 1009 vel
941 935 1108 1010 instituto
1134 935 1212 1035 ejus
1236 951 1373 1030 motus,
1406 952 1448 1014 ut
1473 940 1682 1017 Demetrius
1712 945 1909 1022 l’halereus
1936 949 1968 1023 ei

89 1064 278 1153 suaderet,
312 1074 353 1137 ut
387 1063 496 1137 libros
530 1064 577 1135 de
610 1086 721 1158 regno
754 1086 795 1134 ac
829 1058 1033 1157 principato
1065 1060 1221 1158 scriptos
1256 1074 1481 1160 compararet
1515 1074 1552 1137 et
1585 1067 1737 1163 legeret,
1772 1069 1907 1168 quippe
1932 1070 1967 1145 in

89 1187 221 1286 quibus
247 1186 317 1275 illa,
344 1210 438 1283 quae
463 1184 566 1258 amici
593 1208 738 1257 monere
763 1206 833 1258 non
859 1182 1038 1255 auderent
1062 1208 1183 1279 reges,
1218 1177 1514 1282 reperirentur.¹)

191 1310 415 1384 Demetrium
445 1309 657 1382 Phalereum
686 1306 923 1380 bibliothecae
952 1306 1218 1380 Alexandrinae
1253 1308 1474 1404 praelectum
1507 1309 1620 1383 luisse
1647 1310 1854 1388 Ptolemaeo
1883 1312 1968 1387 Phi·

88 1432 259 1531 ladelpho
282 1445 463 1528 regnante,
490 1432 675 1526 losephus
701 1441 740 1503 et
756 1430 953 1524 scriptores
980 1429 1152 1503 ecclesiae
1175 1430 1392 1504 christianae
1417 1430 1493 1504 lere
1513 1457 1638 1507 omnes
1666 1436 1857 1509 memoriae
1885 1461 1969 1532 pro-

90 1555 272 1651 diderunt.
323 1555 506 1652 losephus
532 1553 677 1652 quidem
703 1553 738 1624 in
767 1552 888 1649 Antiq.
909 1550 1044 1651 judaie.
1073 1553 1119 1626 lib
1150 1553 1231 1627 ΧΙΙ.
1252 1579 1281 1627 c.
1302 1556 1373 1645 2⁴)
1402 1554 1563 1629 lontibus
1585 1555 1740 1654 quidem,
1764 1581 1812 1631 ex
1839 1559 1969 1655 quibus

88 1677 268 1768 hauserit,
293 1702 362 1750 non
389 1676 524 1765 allatis,
551 1675 673 1766 tradit,
702 1675 925 1749 Demetrium
955 1677 1180 1764 Phalereum,
1206 1675 1384 1772 regiarum
1411 1678 1708 1753 bibliothecarum
1736 1680 1968 1776 praesectum,

89 1799 234 1875 dedisse
258 1824 416 1898 operam,
444 1813 494 1889 ut,
520 1800 548 1873 si
573 1798 649 1871 hori
678 1811 812 1896 posset,
839 1823 962 1872 omnes
985 1801 1097 1873 totius
1122 1800 1219 1874 orbis
1247 1799 1355 1873 libros
1376 1800 1571 1896 colligeret,
1596 1814 1764 1876 coemens
1790 1812 1970 1900 quotquot

87 1923 292 2022 ubicunque
318 1924 483 1997 audisset
508 1922 653 2019 cognitu
681 1922 811 2020 dignos
837 1937 901 1997 aut
927 1922 1115 2021 cupiditati
1146 1923 1239 2021 regis
1265 1934 1398 2020 gratos,
1426 1921 1529 2021 cujus
1556 1926 1789 2021 praecipuum
1813 1925 1968 2000 essetin

84 2048 324 2144 congerendis
350 2047 536 2120 codicibus
561 2047 732 2121 studium.
789 2046 954 2121 liundem
982 2046 1240 2144 interrogatum
1266 2047 1460 2144 aliqnando
1485 2071 1506 2121 a
1530 2060 1625 2144 rege,
1651 2058 1739 2146 quot
1765 2049 1873 2122 millia
1894 2048 1968 2146 jara

86 2183 342 2266 comparasset,
368 2169 522 2260 dixisse,
557 2195 598 2244 se
623 2170 660 2243 in
687 2171 970 2267 praesentiarum
998 2171 1131 2244 babere
1157 2171 1299 2245 circiter
1325 2172 1481 2243 ducenta
1508 2169 1634 2259 millia,
1666 2170 1732 2245 sed
1760 2171 1859 2246 brevi
1888 2185 1970 2268 post

86 2289 293 2363 habiturum
321 2292 515 2387 quingenta
541 2289 661 2363 millia.
723 2289 823 2362 ldem
849 2289 1032 2362 enarravit
1059 2291 1239 2364 ldusebius
1264 2291 1300 2364 in
1330 2293 1500 2387 Praepnr.
1527 2315 1655 2389 evang.
1682 2293 1740 2365 lib.
1769 2294 1869 2368 Vlll.
1896 2296 1968 2388 λλ)

86 2425 182 2488 teste
204 2436 293 2486 osus
314 2412 479 2486 Aristaeo
500 2412 547 2486 de
566 2410 794 2510 judaicarum
813 2412 1073 2508 scripturarum
1094 2410 1398 2510 interpretatione,
1423 2436 1469 2486 ex
1490 2437 1560 2510 qua
1578 2425 1617 2487 et
1632 2414 1749 2512 ipsam
1767 2416 1968 2515 ,losephum

134 2660 159 2735 ¹)
183 2665 279 2728 Verba
301 2659 475 2738 repromitte
494 2655 563 2738 dol*
586 2663 613 2725 h.
631 2663 650 2726 l.
672 2681 733 2726 non
754 2663 974 2744 interpretanda
998 2681 1067 2725 esse
1090 2681 1217 2726 censeor
1240 2662 1357 2738 lenibus
1378 2662 1543 2726 condendis
1554 2678 1675 2745 operam
1689 2665 1761 2728 dare
1782 2670 1891 2748 eoepit,
1913 2669 1967 2730 sad

184 2775 321 2855 princeps
342 2782 407 2838 eret
429 2773 476 2836 cel
498 2776 606 2855 primas
628 2780 731 2854 partes
753 2774 873 2836 tenebat
894 2775 923 2833 in
943 2772 1085 2851 rogandis
1108 2791 1143 2834 κο
1165 2771 1295 2835 terendis
1318 2771 1445 2852 legibus,
1468 2789 1544 2852 quas
1565 2771 1760 2838 libentissime
1780 2794 1837 2838 rex
1848 2777 1878 2838 in
1900 2794 1966 2840 eum

185 2881 340 2942 delulerat.

128 3004 157 3078 ²)
180 3012 286 3076 strabo
309 3012 383 3073 ΧΙΙΙ.
407 3029 434 3071 c.
458 3011 485 3072 1,
509 3013 537 3080 β.
557 3006 607 3072 54.
630 3005 647 3065 ὁ
668 3006 736 3085 γοῦν
755 3003 955 3083 Ἀριστοτέλης
975 3002 1028 3080 τὴν
1048 3005 1151 3065 ἑαυτοῦ
1173 3002 1394 3090 (βιβλιοθήκην)
1417 3001 1600 3087 Θεοφράστῳ
1622 3008 1798 3085 παρέδωκεν,
1822 3004 1899 3087 dorp
1920 3016 1966 3071 καλ

183 3118 235 3193 την
255 3112 359 3194 σχολὴν
380 3111 507 3185 άπίλιπε,
537 3113 663 3191 πρῶτος,
693 3108 735 3172 ὦν
755 3106 843 3190 ι’σμεν,
874 3107 1043 3190 συναγαγών
1063 3110 1159 3189 βιβλία
1179 3117 1227 3171 καλ
1250 3109 1369 3185 διδάξας
1390 3109 1459 3183 rode
1487 3116 1515 3172 ίν
1535 3108 1678 3191 Αίγιίοττω
1705 3113 1841 3192 βασιλέας
1859 3115 1969 3196 βιβλιο-

185 3220 283 3300 θήκης
304 3217 442 3292 σύνταξιν.
1470 3205 1475 3219 “

127 3350 325 3431 ³)Plutarrh.
350 3353 377 3412 in
401 3349 809 3430 apophthegm.reg.a.11.
834 3368 861 3430 p.
887 3347 956 3410 tao.
981 3349 1014 3409 l).
1059 3340 1227 3421 Δημήτριοι
1256 3340 1448 3420 ὃψαληοολι
1470 3343 1644 3420 Πτολεμαίῳ
1673 3343 1717 3416 τῷ
1736 3343 1851 3423 aaran
1872 3345 1968 3428 παρηί-
2007 3384 2014 3396 ·

181 3479 219 3518 νει
240 3452 278 3518 τά
298 3461 362 3535 περὶ
389 3453 533 3533 βασιλείας
562 3458 609 3512 καλ
630 3450 778 3531 ἡγεμονίας
798 3451 894 3531 βιβλία
915 3453 1045 3511 κτάσθω
1072 3456 1120 3511 καλ
1143 3444 1404 3530 ereptarum-d
1433 3446 1488 3530 γάρ
1510 3453 1537 3510 ol
1558 3450 1635 3530 φίλοι
1664 3460 1722 3521 τοῖς
1750 3450 1911 3530 βασιλεῦσιν
1931 3437 1966 3515 ml

183 3563 329 3645 θαρροῦσι
349 3573 492 3642 παραινεῖν
499 3606 508 3634 ,
534 3561 632 3621 ταῦτα
653 3563 681 3620 ἐν
701 3569 761 3630 τοῖς
781 3560 899 3639 βιβλίοις
920 3564 1084 3639 γίγροιπται.
1127 3562 1163 3623 cl.
1189 3562 1273 3624 Diod.
1296 3563 1354 3625 Sic.
1377 3562 1441 3639 XX,
1463 3557 1514 3624 49.

127 3696 155 3774 ⁴)
177 3702 239 3766 λοι.
261 3707 319 3762 aul.
342 3699 402 3779 jud.
425 3699 486 3762 Xll.
510 3699 539 3761 2.
581 3690 748 3772 Δημήτριος
775 3691 792 3753 ὁ
817 3689 985 3770 Φαληρεὺς,
1008 3687 1041 3761 ὃς
1068 3683 1104 3767 ἦν
1130 3693 1175 3749 ἐπὶ
1202 3687 1261 3750 τοῖν
1285 3686 1483 3767 βιβλιοθηκῶν
1504 3690 1557 3749 τοῦ
1578 3687 1718 3767 βασιλέως
1740 3690 1966 3777 (Philadelphi),

180 3799 356 3873 σπουδάζων
375 3806 400 3863 εί
421 3799 543 3863 δυνατὸν
565 3797 606 3878 είη
627 3798 723 3861 πάντα
745 3797 783 3860 τά
804 3797 879 3859 κατά
900 3796 953 3874 τὴν
981 3800 1145 3875 οἰκουμένην
1166 3806 1332 3876 συναγαγεῖν
1352 3796 1460 3876 βιβλία,
1489 3801 1537 3856 καλ
1565 3796 1783 3876 συνωνούμενος,
1810 3793 1885 3858 elei
1910 3819 1966 3859 που

179 3907 267 3987 μόνον
295 3905 422 3969 άκοίσειι
443 3909 572 3985 σπουδῆς
592 3903 672 3982 σ’ξιον
692 3904 710 3986 ἢ
733 3906 790 3985 ἡδὺ
816 3907 853 3986 τῇ
874 3906 927 3967 τοῦ
948 3906 1090 3985 βασιλέως
1119 3893 1299 3983 προαιρέσει,
1329 3901 1457 3982 μάλιστα
1484 3901 1539 3984 γάρ
1567 3909 1633 3982 περι
1660 3902 1713 3980 τὴν
1740 3901 1880 3982 συλλογνλν
1908 3903 1967 3965 τοῖν

180 4018 298 4098 βιβλίων
318 4013 372 4096 εἶχε
399 4011 571 4094 φιλοκάλως,
602 4013 814 4097 συνηγωνίζετο·
835 4016 968 4093 ἐρομένου
990 4014 1022 4074 di
1043 4010 1133 4073 αι’·τόν
1152 4034 1223 4074 ποτε
1244 4014 1296 4073 τοῦ
1320 4012 1522 4089 Πτολεμαίου,
1550 4008 1644 4080 πάσας
1664 4008 1720 4087 ἤδη
1748 4007 1891 4089 μυριάδας
1912 4009 1965 4091 ίχει

180 4128 388 4206 συνιιλεγμίνας
408 4123 534 4200 βιβλίων,
556 4124 616 4182 τῶν
636 4127 688 4200 μὲν
708 4119 896 4202 ὑπαρχόντων
916 4119 984 4182 εἶναι
999 4127 1063 4201 περὶ
1084 4116 1180 4193 εἴκοσι,
1201 4118 1299 4199 ὀλίγον
1320 4121 1353 4181 δὲ
1370 4117 1484 4200 χρόνον,
1504 4122 1543 4189 είς
1565 4115 1739 4195 πεντήκοντα
1758 4120 1966 4198 συναθροίσειν.

128 4254 156 4331 ⁸)
177 4258 246 4321 llus.
267 4279 357 4343 praep.
378 4278 487 4340 evang.
510 4258 584 4321 illll.
605 4259 633 4320 2.
657 4260 856 4326 smeerebbe
876 4259 920 4315 ad
940 4254 993 4332 τῆς
1012 4253 1065 4315 τοῦ
1086 4252 1227 4332 βασιλέως
1247 4248 1439 4332 βιβλιοθήκης
1453 4247 1618 4328 Δημήτριος
1639 4245 1822 4328 ὁΦαληριῦς
1842 4253 1965 4330 ἐχρημα-

181 4361 272 4436 τίσθη
293 4358 385 4422 πολλά
406 4357 546 4443 διάφορα,
567 4357 641 4442 πρὸς
661 4359 696 4422 τὸ
716 4373 881 4443 συναγαγεῖν
901 4358 1017 4424 ἅπαντα
1037 4358 1076 4423 τά
1095 4356 1172 4421 κατά
1192 4356 1245 4436 την
1265 4361 1429 4436 οίκουμίνην
1447 4356 1555 4437 βιβλία,
1584 4359 1633 4416 καλ
1650 4352 1820 4451 ποιοδμιτος
1838 4355 1966 4438 ολγορασ-

181 4466 255 4545 pair
275 4471 323 4527 καλ
341 4465 541 4550 μιταγροφάς,
569 4474 614 4530 ἐπὶ
631 4467 714 4538 τίλας
730 4464 843 4549 ἤγαγεν,
872 4465 942 4532 ὅσον
961 4467 1005 4550 ἐφ’
1025 4466 1119 4542 ίαυτῷ
1140 4464 1194 4545 τὴν
1213 4466 1267 4529 toi
1286 4464 1429 4548 βασιλέως
1446 4459 1603 4544 πρόθεσιν·
1630 4461 1785 4543 παρόντων
1804 4457 1855 4526 odo
1873 4461 1965 4541 ἡμων,

181 4579 340 4654 ἐρωτηθείς
359 4570 448 4636 πόσαι
468 4580 539 4645 τινλς
558 4573 694 4656 μυριάδες
713 4572 882 4656 τυγχάνωσι
902 4576 1029 4657 βιβλίων,
1054 4570 1137 4650 εἶπεν,
1163 4572 1236 4655 iulo
1256 4569 1311 4645 τάς
1330 4567 1427 4646 lacot,
1447 4567 1811 4651 βασιλεῦ·ἀπουδάσω’δ’
1830 4573 1859 4629 ἐκ
1879 4567 1965 4649 ὀλίγον

182 4678 274 4762 χρόνῳ
302 4680 378 4763 πρὸς
413 4681 448 4746 τὸ
476 4683 668 4763 πληρωθῆναι
697 4679 873 4763 πεντήκοντα
907 4681 1052 4766 μυριάδας
1084 4679 1124 4746 τά
1157 4678 1252 4745 λοιπά
1292 4684 1332 4748 el.
1356 4683 1548 4749 tartense.
1569 4685 1601 4747 in
1625 4682 1750 4748 diatriba
1771 4680 1811 4744 do
1829 4672 1963 4744 Ariaioh.

180 4794 297 4871 Judseo
320 4814 348 4877 p.
370 4793 421 4865 oi.
1515 4832 1575 4943 μ’
1679 4841 1683 4847 .
