4140 5234
871 231 1080 333 ,18

101 434 236 511 cadunt
256 432 537 529 Ιιιιιιιιιιιιιιιιιιι,
563 432 673 506 ntulta
696 430 802 504 atium
828 429 1109 504 sententiaruma
1137 430 1233 503 lataa'
1251 429 1483 528 eruditaeque
1502 429 1766 527 disputationes
1786 428 1831 504 ah
1853 427 1986 505 eodem

102 557 347 658 explicantur,
382 568 419 629 et
446 555 513 630 loci
540 578 749 629 communes
775 554 851 627 sine
877 553 1106 626 contentione
1133 552 1311 627 dicuntur.
1368 554 1432 627 Dst
1464 554 1555 627 enim
1584 555 1763 652 quoddam
1791 552 1899 628 etiam
1925 553 1987 627 iu·

102 680 203 777 signe
236 691 274 754 et
306 681 439 754 florens
466 677 654 764 orationis,
690 676 823 774 pictum
852 688 890 748 et
915 674 1114 771 expolitum
1141 700 1271 772 genus,
1304 676 1339 749 in
1373 699 1444 773 quo
1468 702 1593 751 omnes
1620 680 1829 765 verborum,
1856 696 1988 751 omues

103 803 362 878 sententiarum
396 800 581 897 illigantur
616 800 769 895 tepores.
827 797 911 871 Hoc
945 810 1059 872 tutum
1094 799 1383 896 esophistnrum
1420 800 1579 873 lontibus
1605 799 1759 873 defluxit
1791 798 1826 872 in
1854 799 1988 891 seruant

103 925 167 1002 sed
195 938 358 1023 spretum
385 948 405 997 a
431 922 635 1012 subtilibus,
661 923 847 1019 repulsum
875 944 894 994 a
921 921 1109 1019 gravibus,
1134 921 1170 995 in
1198 947 1257 1011 ea,
1284 921 1330 995 de
1355 946 1425 1018 qua
1452 925 1596 1020 loquor,
1623 921 1871 995 mediocritate
1897 945 1989 997 cou-

103 1047 232 1124 sedit“
283 1047 355 1121 His
382 1058 418 1120 et
444 1044 521 1121 aliia
547 1044 731 1118 Ciceronis
758 1043 845 1117 locis
872 1067 980 1140 supra
1008 1045 1175 1142 prolatis,
1201 1069 1247 1118 ex
1273 1044 1404 1141 quibus
1431 1044 1674 1134 Demetrium,
1708 1041 1812 1143 cujus
1839 1043 1988 1120 dicendi

106 1195 222 1268 genus
248 1169 392 1243 mollius
421 1193 464 1242 ac
489 1167 675 1241 remissius
705 1179 821 1257 esset,
852 1167 1053 1241 delectasee
1079 1168 1190 1263 magis
1219 1167 1460 1241 Athenienses
1487 1192 1592 1266 quam
1619 1163 1876 1260 inflammasse,
1902 1189 1990 1242 ora-

104 1293 237 1367 tionem
257 1293 395 1365 mollem
424 1303 655 1387 teneramque
682 1289 895 1381 reddidisse,
922 1301 1099 1364 oratorem
1127 1314 1252 1388 parum
1278 1290 1539 1380 vehementem,
1565 1270 1706 1364 dulcem
1729 1303 1858 1379 tamen,
1883 1290 1991 1365 llori·

106 1416 242 1491 diorem
279 1414 474 1512 Hyperide
509 1427 546 1487 et
572 1413 686 1509 Lysia
713 1412 827 1487 luisse
854 1412 1027 1504 vidimus,
1066 1414 1237 1488 Demetrii
1275 1411 1479 1510 eloquentia
1506 1412 1656 1510 ejusque
1691 1412 1834 1487 dicendi
1868 1436 1992 1511 genus

105 1539 192 1614 satis
215 1537 439 1612 describitur.
482 1537 558 1612 Sed
583 1536 630 1610 de
647 1535 852 1632 eloquentia
871 1535 1043 1611 Demetrii
1069 1536 1273 1610 accuratius
1291 1536 1470 1610 disserere
1494 1559 1563 1609 non
1585 1560 1678 1632 opus
1697 1561 1779 1610 esse
1799 1535 1990 1629 existimo,

104 1685 223 1760 neque
247 1685 432 1757 exponere
457 1661 574 1750 lubet,
610 1683 681 1756 quo
714 1660 793 1732 loco
822 1658 917 1734 inter
945 1659 1098 1759 priorem
1126 1671 1163 1732 et
1189 1658 1423 1757 posteriorem
1456 1658 1694 1756 eloquentiam
1725 1658 1881 1732 Atticam
1912 1660 1993 1751 De·¹

105 1785 254 1861 metrias
281 1783 483 1880 dignandus
508 1782 567 1873 sit,
593 1782 708 1879 qualia
735 1782 815 1879 ipse
840 1792 1014 1880 appareat
1039 1807 1119 1857 cum
1146 1783 1276 1856 ceteris
1309 1794 1553 1878 comparatus,
1587 1806 1697 1879 quum
1724 1781 1771 1855 de
1799 1782 1994 1860 Demetrio

105 1906 331 1995 oratore,'de
355 1930 488 2002 genere
513 1902 592 2003 ojus
618 1904 773 1994 dicendi,
800 1929 881 1978 cum
907 1901 1036 1980 ¹Atticis
1061 1918 1100 1980 et
1127 1904 1257 2001 prioris
1282 1914 1320 1978 et
1346 1904 1556 2001 posterioris
1583 1906 1756 2002 temporis
1782 1905 1995 1983 oratoribus

107 2040 324 2126 comparato,
351 2028 387 2102 in
410 2027 535 2102 multis
561 2028 679 2119 libris,
705 2029 766 2125 qui
792 2027 1018 2125 eloquentiae
1044 2027 1269 2103 Graecorum
1297 2026 1480 2101 historiam
1507 2038 1680 2118 tractant,
1716 2027 1831 2102 fusius
1857 2028 1993 2127 dispu-
2031 2022 2033 2029 ’

107 2165 220 2229 toturn
247 2151 344 2244 sit.¹)

150 2399 176 2476 ¹)
200 2402 237 2466 ol.
260 2405 471 2468 Wcstermann
493 2404 670 2467 Geschichte
693 2404 746 2468 der
768 2401 1001 2467 Beredtsamheit
1024 2405 1051 2465 ιιι
1074 2403 1289 2467 Griechenland
1312 2404 1371 2466 und
1393 2404 1466 2467 Rom
1488 2404 1573 2466 Thi.
1596 2423 1623 2484 p.
1637 2399 1707 2467 too.
1742 2404 1849 2474 „nient
1870 2405 1993 2471 miudes·

204 2512 346 2594 geachtet
367 2513 443 2582 (wie
464 2510 508 2573 als
530 2511 743 2574 Schriltsteller
769 2510 1044 2592 philosophischen,
1074 2510 1249 2592 politischen
1272 2511 1330 2573 uad
1353 2510 1660 2573 wissenschaltlichen
1683 2511 1809 2582 lnhalts)
1836 2531 1899 2576 war
1922 2515 1992 2587 Dee

204 2621 327 2681 metrias
350 2618 511 2681 Phalereus
533 2617 576 2680 als
599 2618 727 2681 Redner.
771 2618 811 2681 Er
833 2617 888 2698 gilt
909 2619 1072 2697 inegemein
1096 2616 1143 2681 liar
1171 2618 1365 2698 denjenigen,
1396 2621 1446 2680 mit
1468 2619 1613 2680 welchem
1638 2618 1686 2682 die
1706 2620 1833 2682 attische
1853 2621 1993 2684 Beredt·

204 2725 329 2788 sarulreit
350 2742 388 2786 au
416 2721 522 2786 sinhen
545 2725 677 2803 heqann,
709 2724 768 2785 und
797 2725 825 2785 in
856 2724 909 2786 der
930 2724 1004 2786 'lhat
1033 2725 1188 2786 vermisste
1216 2742 1281 2786 man
1311 2725 1357 2787 hei
1386 2725 1443 2786 ihm
1479 2725 1536 2788 den
1558 2726 1724 2790 erhabenen
1754 2726 1905 2804 Schwunp
1928 2727 1991 2791 des

204 2831 434 2907 Demosthenem
468 2830 522 2893 der
551 2829 715 2916 Chorakter
743 2831 842 2893 seiner
871 2830 954 2893 Rode
982 2849 1046 2893 war
1075 2830 1169 2907 santi,
1203 2830 1376 2907 tucichlich,
1410 2833 1698 2911 einsohmeichelnd,
1730 2834 1793 2895 sein
1823 2832 1993 2898 husdruck

206 2939 342 3020 elegant,
372 2936 540 3018 anmnthig,
573 2937 720 3015 hlaihend3
755 2938 825 3000 aher
857 2937 994 3000 dennoch
1016 2937 1087 3000 hielt
1116 2959 1149 3001 er
1170 2939 1249 3000 noch
1279 2939 1331 3001 dns
1353 2939 1481 3020 richtige
1508 2940 1600 3002 llittel
1621 2941 1772 3004 arvischen
1796 2940 1862 3002 dem
1884 2941 1993 3006 Zuviel

203 3047 264 3110 und
284 3047 429 3126 Zuweniq
446 3075 486 3087 -
504 3044 578 3108 hara
606 3064 640 3107 er
660 3047 699 3108 ist
721 3043 775 3107 der
792 3044 896 3122 letata,
924 3047 1055 3111 welcher
1077 3047 1133 3109 den
1155 3046 1267 3109 Numen
1290 3049 1372 3110 eines
1394 3047 1539 3110 attischen
1562 3048 1696 3110 Redners
1719 3049 1883 3111 verdient“
1932 3050 1991 3112 Vir

202 3154 254 3216 ille
276 3154 383 3217 doctae
405 3169 466 3216 nou
487 3152 575 3234 plane
592 3153 680 3229 idom,
704 3152 785 3233 quod
803 3153 909 3215 Cicero
932 3160 962 3216 et
981 3154 1187 3231 Quintilianus,
1209 3154 1247 3216 de
1264 3156 1413 3216 Demetrio
1435 3162 1555 3218 oratore
1577 3157 1711 3218 sensisse
1733 3174 1840 3238 neque,
1864 3155 1990 3237 judiciis

205 3262 323 3344 quidem
347 3280 450 3324 eorum
473 3260 627 3338 adhibitis,
658 3263 834 3342 scripturam
864 3262 1070 3340 cogitationem
1094 3262 1165 3323 satis
1194 3269 1350 3323 assecutas
1374 3280 1539 3343 eorumque
1565 3263 1746 3326 voluntatem
1777 3267 1990 3344 interpretatus

204 3387 273 3433 esse
295 3369 421 3431 videtur.
463 3370 632 3432 Demetrius
655 3369 772 3449 quidem
797 3370 907 3448 primus
929 3366 1086 3430 inclinasse
1110 3369 1307 3448 eloquentiam
1331 3388 1347 3431 a
1371 3370 1550 3446 Quintiliano
1574 3372 1625 3443 (Χ.
1650 3373 1671 3434 l.
1695 3371 1779 3450 80),
1801 3373 1990 3454 primus-in-

204 3474 325 3537 flexisse
345 3477 509 3538 orationem
532 3483 563 3539 et
585 3494 648 3537 eam
672 3476 788 3538 mollem
812 3482 1006 3555 teneramque
1027 3475 1195 3538 reddidisse
1216 3494 1233 3537 a
1256 3476 1400 3539 Cicerone
1424 3478 1468 3548 (in
1491 3479 1571 3542 Brut.
1595 3497 1621 3540 c.
1634 3478 1681 3551 9.)
1705 3479 1821 3557 dicitur,
1846 3499 1937 3559 quum
1958 3481 1987 3544 is

204 3598 263 3643 non
284 3588 438 3658 versatus,
466 3588 499 3644 ut
521 3583 562 3645 ait
584 3584 703 3658 Cicero,
730 3583 758 3642 in
782 3584 913 3644 veritatis
941 3582 1100 3645 imitandae
1127 3601 1240 3664 genere
1268 3602 1324 3666 pro
1353 3592 1517 3668 temporum
1546 3586 1662 3649 illorum
1693 3589 1807 3650 ratione
1835 3587 1988 3669 primusa

121 3675 124 3679 ’
205 3689 331 3751 veritate
351 3690 482 3769 priorum
504 3696 654 3752 oratorum
684 3690 854 3766 recederet;
888 3707 945 3751 non
969 3697 1066 3752 autem
1096 3691 1189 3771 ipsum
1220 3693 1342 3773 primum
1365 3693 1521 3756 inclinatae
1553 3691 1742 3774 eloquentiae
1764 3703 1912 3759 oratorem
1935 3697 1989 3759 vel

203 3789 370 3858 habendum
393 3794 440 3857 vel
462 3795 668 3859 nominandam
691 3778 760 3858 esse
782 3813 901 3858 censeo.
935 3795 971 3858 ci.
996 3797 1100 3861 Cicero
1123 3797 1162 3861 de
1184 3806 1305 3863 oratore
1327 3800 1362 3876 ll,
1376 3799 1426 3862 23.
1462 3799 1517 3868 „ut
1538 3801 1566 3878 ii,
1590 3802 1640 3881 qui
1662 3820 1696 3866 se
1718 3803 1754 3865 ad
1778 3787 1885 3867 causas
1907 3819 1990 3867 uon-

204 3904 344 3979 tuterunt,
366 3909 399 3965 ut
421 3903 651 3980 Demosthenes,
674 3903 855 3984 Hyperides,
878 3904 1051 3986 Lycurgus,
1074 3906 1255 3981 Aeschines,
1278 3906 1442 3969 Dinarchus
1465 3906 1573 3987 aliique
1595 3910 1781 3991 complures,
1806 3918 1836 3973 et
1857 3913 1882 3973 ei
1904 3913 1990 3976 inter

202 4029 238 4074 se
260 4029 346 4092 pares
365 4027 423 4073 non
445 4009 573 4086 fumant,
597 4017 692 4073 tamen
715 4011 904 4073 sant'omnes
925 4012 954 4074 in
976 4011 1081 4075 eodem
1096 4015 1228 4077 raritatis
1242 3999 1401 4075 imitandae
1415 4031 1528 4095 genere
1549 4021 1668 4094 versati,
1692 4032 1818 4098 quorum
1841 4021 1987 4098 quamdiu

203 4120 310 4180 mansit
329 4118 460 4195 imitatio,
484 4117 593 4179 tamdiu
612 4116 713 4198 ‘genus
735 4119 806 4181 illud
830 4118 946 4182 dicendi
968 4119 1161 4202 studiumque
1183 4123 1270 4198 vixit3
1300 4127 1493 4202 posteaquam
1517 4126 1674 4188 exstinctis
1695 4124 1740 4186 his
1761 4126 1856 4185 omnis
1879 4144 1986 4191 eorum

204 4225 342 4286 memoria
369 4226 480 4289 sensim
507 4226 665 4289 obscurata
693 4232 739 4288 est
766 4234 797 4288 et
825 4228 958 4305 evanuit,
989 4227 1044 4292 alia
1072 4229 1216 4310 quaedam
1247 4228 1365 4291 dicendi
1392 4236 1422 4294 et
1449 4231 1583 4295 molliora
1612 4249 1648 4293 ac
1676 4231 1846 4295 remissiora
1869 4253 1986 4315 ponera

203 4330 372 4410 riguerunt.
414 4331 487 4396 lnde
508 4331 723 4410 Demochares,
752 4351 840 4415 quem
856 4335 944 4415 ajunt
972 4335 1089 4398 sororis
1105 4336 1196 4399 tilium
1218 4335 1311 4400 luisse
1332 4338 1537 4417 Demostheni,
1566 4344 1627 4401 tum
1656 4336 1816 4403 Phalereus
1838 4342 1895 4402 iste
1918 4345 1985 4406 De·

203 4438 329 4501 metrias
350 4439 479 4501 omnium
500 4440 624 4503 istorum
646 4459 712 4504 mea
732 4442 880 4504 sententia
894 4439 1096 4523 'politissimus
1123 4443 1233 4525 aliique
1260 4462 1362 4508 eorum
1384 4444 1495 4509 similes
1520 4436 1726 4511 exstiterunt.“
1773 4447 1983 4529 Eloquentiam

203 4546 341 4624 Atticam,
369 4552 525 4627 postquam
548 4549 577 4611 in
598 4547 800 4612 Demosthene
824 4550 861 4612 ad
882 4568 1026 4615 summum
1049 4551 1199 4632 fastigium
1221 4555 1404 4634 pervenerit,
1432 4551 1569 4634 paulatim
1597 4555 1730 4621 inclinari
1753 4548 1887 4638 coeptam
1911 4576 1983 4624 asse

203 4655 281 4716 inter
298 4670 400 4716 omnes
419 4659 545 4731 constat,
566 4672 665 4736 nequa
686 4657 841 4738 quisquam
864 4657 982 4735 dixerit,
1006 4658 1185 4723 Demetrium
1200 4660 1372 4725 Phaleraum
1394 4646 1595 4738 Demostheni,
1617 4664 1655 4726 ad
1678 4682 1764 4746 quem
1787 4663 1984 4745 eloquentiae

202 4760 319 4824 Atticae
340 4760 435 4844 palma
457 4763 487 4825 iu
509 4763 588 4826 omiti
607 4763 724 4826 dicendi
748 4783 860 4846 qaaere
880 4768 995 4831 coactis
1021 4766 1172 4850 suffragiis
1187 4768 1355 4848 referum,
1384 4769 1413 4830 in
1446 4768 1562 4833 dicendi
1584 4769 1763 4837 sublimitate
1785 4779 1876 4852 atque
1897 4775 1927 4837 in
1953 4781 1982 4841 vi
