4140 5234
1024 265 1061 350 ‘P

192 473 245 549 Ea
273 471 498 559 difficultate,
524 491 630 567 quam
658 463 931 551 Suidaauerba
956 463 1015 535 ἐπὶ
1048 464 1285 558 Πτολεμαίου
1319 473 1386 541 τοῦ
1422 471 1568 568 πρώτου
1601 463 1790 573 objiciunt,
1822 501 1842 550 a
1869 456 1977 557 WDA

92 600 217 675 eberto
244 610 281 672 et
307 592 504 670 llitschelio
528 594 548 666 Ι.
574 593 595 664 Ι.
641 589 917 687 Philadelphum
945 587 1081 661 dictum
1115 614 1197 664 esse
1225 592 1476 689 probantibus,
1512 596 1670 687 sublata,
1706 598 1827 673 aseri
1853 600 1977 699 specis

92 748 163 799 uun
191 720 451 807 aberrabimus,
486 715 535 789 ita
565 726 605 789 ut
631 737 749 811 neque
774 712 944 808 antiquae
965 711 1138 786 ecclesiae
1165 713 1400 810 scriptoribus
1426 712 1542 793 omnis
1570 718 1764 817 derogetur
1789 721 1883 799 fides
1907 748 1977 801 uec

91 846 229 922 Suidue
255 844 474 939 infringatur
500 836 764 927 testimonium,
797 847 1016 925 statuentes,
1045 835 1268 910 Demetrium
1293 840 1360 911 sub
1384 840 1625 939 Philadelpho
1651 844 1735 917 licet
1761 846 1871 920 breve
1896 858 1977 923 tab-

93 983 167 1045 tum
198 980 343 1064 tempus
373 961 630 1037 bibliothecarii
657 985 805 1034 munere
839 959 1002 1033 iunctum
1029 983 1109 1033 esse
1135 983 1252 1059 nequa
1283 962 1396 1035 multo
1427 973 1509 1059 post
1534 964 1612 1064 ejus
1639 966 1740 1064 regni
1770 967 1911 1043 initium
1937 969 1975 1047 iu

92 1092 214 1168 odium
241 1088 337 1187 regis
363 1085 552 1174 incidisse,
578 1084 805 1158 Zenodotum
833 1107 919 1156 vero
946 1081 978 1155 ei
1005 1082 1041 1156 in
1068 1083 1136 1158 hoc
1163 1107 1312 1156 munere
1336 1087 1573 1177 successisse3
1613 1089 1679 1163 nisi
1705 1089 1808 1164 malis
1833 1089 1978 1190 conjem
2045 1145 2047 1149 «

91 1231 181 1305 tare,
203 1212 425 1288 Demetrium
449 1209 662 1281 Phalereum
684 1206 921 1280 bibliothecae
945 1207 1130 1279 custodem
1151 1205 1228 1281 sire
1255 1207 1561 1283 bibliothecarium
1586 1212 1730 1308 quidem
1757 1214 1977 1308 non-luisse,

93 1341 158 1416 sed
192 1336 395 1434 primariam
427 1331 662 1405 bibliothecae
694 1354 817 1403 curam
851 1328 921 1426 ipsi
947 1354 968 1402 a
997 1328 1203 1405 Ptolemaeo
1239 1329 1506 1422 demandatam,
1542 1333 1591 1407 ita
1624 1347 1665 1408 ut
1697 1335 1907 1413 Zenodotus
1939 1347 1978 1415 et

96 1461 303 1538 Demetrius
330 1457 455 1532 eodem
482 1456 644 1550 tempore
680 1452 905 1526 bibliothecis
934 1452 1067 1526 luerint
1094 1454 1277 1551 praelecti,
1303 1455 1394 1528 alter
1420 1469 1544 1530 custos
1570 1456 1647 1530 sive
1674 1459 1976 1553 bibliothecarius,

86 1588 185 1668 alter
209 1594 363 1671 curator,
397 1563 623 1653 sicut'etiam
652 1575 758 1647 hodie
784 1575 881 1673 apud
914 1599 980 1648 nos
1008 1588 1200 1672 utrumque
1228 1601 1358 1652 munus
1385 1590 1440 1652 est
1466 1592 1682 1676 separatum.
1735 1581 1827 1657 Utut
1850 1607 1910 1658 res
1935 1608 1977 1658 se

96 1710 213 1798 habet,
240 1730 356 1801 neque
379 1701 558 1777 silentium
582 1698 811 1773 classicorum
838 1697 1053 1794 scriptorum
1080 1697 1125 1770 de
1152 1699 1326 1775 Demetrii
1364 1701 1528 1775 Phalerei
1564 1703 1801 1778 bibliothecae
1833 1704 1975 1804 praeie-

95 1844 207 1920 ctura,
233 1852 349 1925 neque
376 1826 512 1900 Suidae
539 1823 585 1896 de
604 1822 792 1896 Zenodoto
819 1821 1080 1911 testimonium,
1106 1846 1224 1919 neque
1247 1823 1370 1898 odium
1392 1825 1501 1922 regis,
1527 1825 1563 1898 in
1591 1826 1687 1924 quod
1714 1826 1882 1903 inciderit
1900 1826 1975 1904 De-'

94 1952 253 2041 metrias,
279 1976 345 2025 uos
373 1948 478 2045 cogit,
507 1959 546 2019 ut
572 1945 679 2019 fidem
707 1946 919 2041 derogemus
944 1945 1113 2041 antiquae
1137 1945 1312 2020 ecclesiae
1338 1947 1584 2044 scriptoribus.

193 2076 300 2173 Quae
325 2098 434 2170 quum
463 2070 511 2144 ita
537 2070 628 2160 sint,
661 2093 732 2143 uon
767 2069 947 2165 estquod
982 2069 1160 2158 dubitem,
1194 2069 1278 2166 quin
1315 2070 1521 2146 Demetrius
1550 2072 1747 2146 Phalereus
1772 2095 1843 2147 non
1869 2072 1978 2148 modu

95 2200 304 2271 Ptolemaeo
341 2194 581 2289 Philadelpho
618 2203 794 2286 regnante
829 2186 1071 2263 bibliothecae
1105 2191 1373 2265 Alexandrinae
1409 2187 1624 2287 praefuerit,
1662 2195 1727 2268 sod
1764 2195 1871 2269 etiam
1906 2197 1976 2270 sub

97 2321 304 2394 Ptolemaeo
337 2314 427 2410 largi
463 2313 614 2385 eandem
644 2311 718 2410 jam
751 2311 934 2384 curaverit
969 2309 1229 2382 bibliothecam.
1290 2312 1388 2385 Satis
1424 2314 1517 2387 enim
1552 2326 1710 2405 constat,
1745 2318 1975 2394 constitutam

90 2448 177 2518 'esse
203 2437 452 2513 bibliothecam
474 2433 548 2535 jam
575 2460 593 2508 a
624 2435 830 2508 Ptolemaeo
858 2446 978 2529 patro,
1003 2431 1078 2523 cui,
1114 2445 1155 2506 ut
1181 2446 1407 2531 compararet
1432 2448 1469 2508 et
1494 2437 1631 2533 legeret
1657 2437 1766 2513 libros
1793 2439 1840 2514 de
1864 2464 1977 2539 reguo

96 2578 132 2640 et
159 2562 359 2661 principatu
386 2560 550 2656 scriptos,
579 2557 802 2637 Demetrium
822 2556 980 2631 suasisse
1005 2555 1101 2652 apud
1128 2556 1360 2631 Plutarchum
1385 2558 1545 2656 legimus.
1588 2561 1715 2659 ltaque
1740 2563 1976 2640 Ptolemaeum

98 2687 261 2784 primunr,
288 2683 391 2783 cujus
418 2681 659 2756 munificentia
693 2681 729 2754 in
757 2680 1029 2777 litterarumque
1055 2678 1175 2752 studia
1202 2703 1303 2754 amor
1327 2680 1519 2779 singularis
1544 2684 1795 2776 Alexandriae,
1822 2711 1915 2761 nova
1941 2699 1980 2763 st

95 2809 314 2908 amplissima
341 2811 440 2895 urbe,
467 2807 502 2879 in
528 2806 618 2901 ipsis
647 2802 836 2899 utriusqus
864 2803 961 2875 urbis
988 2801 1152 2876 confiniis
1177 2800 1257 2893 sita,
1283 2803 1489 2901 civiumque
1516 2815 1553 2879 et
1572 2817 1781 2882 exterorum
1810 2810 1979 2908 irequun·

96 2932 156 3020 tia,
182 2930 416 3016 commerciis,
442 2927 579 3021 opibus,
609 2927 698 3000 luxu
725 2924 834 3020 regali
858 2923 1065 2998 mirabiliter
1090 2927 1252 3020 florente,
1281 2927 1483 3025 perfugium
1506 2939 1543 3002 et
1564 2918 1829 3026 receptaculum
1858 2943 1976 3007 tutum

97 3064 135 3128 et
159 3049 407 3131 bonorificum,
424 3060 624 3147 paraverat,
650 3070 722 3120 nou
750 3049 866 3121 solum
893 3045 1099 3121 condidisse
1124 3074 1299 3141 museum,
1326 3050 1479 3148 primum
1505 3075 1547 3124 ac
1574 3049 1727 3126 luctasse
1750 3052 1893 3127 unicum
1913 3077 1980 3152 pec

98 3191 274 3251 terrarum
302 3175 424 3247 orbem
453 3170 739 3246 doctissimorum
762 3169 945 3242 bominum
974 3173 1247 3247 contubernium
1274 3187 1385 3269 atque
1410 3171 1630 3263 convictum,
1664 3174 1772 3273 regiis
1797 3175 1978 3254 sumtibus

97 3299 291 3378 liberaliter
318 3305 580 3385 sustentatum,
613 3294 676 3367 sed
705 3293 811 3366 etiam
839 3294 1032 3389 alteram1)
1059 3306 1158 3368 certe
1185 3295 1452 3383 bibliothecam,
1488 3294 1659 3369 librorum
1693 3297 1807 3396 copiis
1839 3299 1979 3375 instru-

98 3421 344 3512 dissimum,
335 3445 369 3494 m
401 3417 571 3507 Brucbio‚
601 3416 843 3492 Alexandriae
870 3416 969 3490 urbis
996 3428 1101 3514 parta
1127 3416 1366 3514 pulcherrima
1392 3440 1590 3515 regumque
1615 3419 1714 3510 sede,
1741 3421 1977 3501 constitutum

99 3548 178 3624 sine
213 3547 285 3619 ulla
319 3543 546 3617 dubitatione
581 3539 876 3614 confirmaverim.
945 3539 1072 3636 Neque
1109 3539 1144 3613 id
1184 3537 1362 3638 conjicere
1402 3538 1661 3634 dubitaverim,
1698 3543 1791 3618 hanc
1828 3546 1977 3621 alterurn
2018 3524 2022 3531 Ι

99 3668 366 3757 bibliothecam,
392 3692 410 3740 a
441 3667 648 3739 Ptolemaeo
680 3662 796 3761 primo
823 3663 1008 3737 Demetrio
1034 3662 1210 3737 Phalereo
1240 3662 1402 3761 inprimis
1429 3679 1578 3738 auctore
1604 3676 1643 3740 et
1667 3691 1817 3742 suasore
1842 3660 1993 3742 coristi·¹

100 3804 232 3882 tutam,
267 3788 402 3862 ultimis
428 3788 571 3885 quidem
599 3785 699 3884 regni
733 3785 852 3876 annis,
888 3784 1095 3860 Ptolemaeo
1122 3785 1196 3860 lilio
1221 3785 1257 3859 iu
1285 3787 1384 3885 regni
1412 3787 1622 3862 societatem
1643 3785 1718 3886 jam
1745 3768 1900 3880 adscito,
1927 3787 1977 3865 itu

99 3928 241 3992 auctam
278 3934 361 3986 usse
394 3920 431 3982 et
467 3910 737 4006 amplificatam,
776 3919 817 3983 ut
851 3908 1036 3984 Demetrio
1073 3908 1329 3985 bibliothecarii
1368 3935 1517 3984 munere
1554 3910 1653 4008 iungi
1692 3911 1849 3985 maximo
1881 3925 1979 3989 esset

101 4038 236 4113 honori.
288 4035 417 4130 Neque
442 4031 552 4128 igitur
578 4033 704 4108 mirum
731 4031 846 4110 videri
875 4043 1006 4131 potest,
1032 4032 1315 4131 ascriptoribus
1342 4033 1448 4108 modo
1473 4045 1614 4133 patrem
1640 4033 1748 4109 modo
1772 4033 1885 4110 lilium
1912 4058 1978 4113 ne·

202 4307 375 4386 orationem,
396 4300 647 4380 cellicolarum
667 4303 721 4364 soi
742 4300 872 4384 codron,
895 4325 973 4390 quae
993 4324 1082 4372 namo
1103 4325 1214 4392 graeca
1237 4307 1345 4375 duetus
1367 4309 1468 4393 eloqui
1489 4311 1585 4392 potuit
1611 4307 1650 4374 de
1669 4308 1841 4376 Ptolemaeo
1861 4313 1977 4378 solere

198 4415 259 4480 Sed
282 4414 488 4479 desiderantes
509 4414 654 4497 quaedam
676 4416 706 4477 in
725 4432 791 4478 ean
815 4419 1002 4541 mteqllam,
1025 4433 1112 4496 quum
1135 4417 1311 4482 Plutarchus
1332 4417 1401 4481 adr.
1423 4416 1543 4498 uptam.
1566 4435 1595 4500 p.
1620 4417 1702 4482 ¹095
1724 4421 1758 4483 D.
1790 4401 1980 4484 sie'eonler·
2022 4432 2024 4437 ·

199 4525 299 4604 mavit,
321 4517 537 4596 lettwlor‘
522 4540 540 4583 ο
559 4518 677 4602 πρῶτος
697 4515 865 4600 συναγαγών
883 4515 919 4582 sd
942 4519 1093 4583 Μουσεῖον
1119 4526 1189 4590 Utut
1202 4533 1259 4606 ast,
1273 4523 1496 4607 Philadelphum
1514 4541 1573 4610 nna
1590 4525 1787 4591 dubitabimus
1799 4541 1980 4608 aqueum.

146 4675 175 4756 ¹)
194 4680 346 4763 bupllueru
374 4677 582 4745 bibliothecam
603 4679 792 4746 Alexandriae
814 4700 832 4745 a
853 4679 1020 4747 Ptolemuis
1042 4680 1189 4748 eonditum
1216 4698 1285 4749 esse
1314 4686 1445 4765 constat,
1473 4681 1594 4749 alteram
1622 4680 1817 4762 ludmebto,
1846 4680 1978 4765 alterans,

157 4804 271 4870 qao
289 4789 389 4855 udus
405 4788 579 4854 secerdote
598 4786 725 4870 udatur,
748 4790 779 4854 ln
798 4791 930 4873 Sarapsu
950 4791 1045 4855 sitam
