4140 5234
1056 364 1089 437 4

208 577 265 655 trii
290 574 429 649 nomine
455 576 694 671 conjunctum,
720 583 769 667 ut,
796 600 898 674 quum
917 579 993 673 jam
1019 580 1167 652 norninis
1193 576 1322 653 famam
1346 577 1499 677 adeptus
1523 589 1623 658 esset
1647 583 1688 674 ¹),
1715 586 1761 659 ab
1786 590 1865 664 aliis
1889 591 1920 681 ²)

209 691 373 791 ejusdem
398 691 546 763 nominis
572 693 794 789 inprimisque
816 717 839 765 a
863 692 1045 767 Demetrio
1072 692 1278 769 Poliorcete
1303 693 1381 769 fere
1406 697 1565 791 aequali,
1600 721 1749 795 quocum
1774 709 1920 804 saepius

210 807 307 909 apud
332 814 478 882 veteres
504 805 740 897 confunditur,
766 830 813 882 eo
836 806 978 881 facilius
1002 806 1277 885 discerneretur.
1308 851 1358 865 -

300 922 390 996 Eam
406 928 523 996 autem
539 919 790 1013 difficultatem,
816 947 917 1019 quam
934 919 1072 999 Suidae
1085 923 1198 999 verba
1213 924 1394 1021 objiciunt,
1419 927 1452 997 si
1465 926 1524 1015 ita,
1541 930 1579 998 ut
1594 926 1719 1025 vulgo,
1740 929 1917 1029 legamtur,

208 1029 410 1120 Δημήτριος,
424 1029 670 1119 Φανοστράτου,
682 1030 865 1119 Φαληρεύς.
889 1031 1048 1120 Φάληρον
1061 1030 1097 1099 db
1106 1029 1206 1119 λιμῆν
1218 1034 1277 1120 τῆς
1291 1029 1456 1119 Ἀττικῆς,
1476 1028 1708 1121 tardarentur
1718 1038 1830 1120 Φανὸς
1847 1040 1917 1111 ἐκα·

208 1156 313 1239 miro,
341 1141 423 1235 quia
445 1145 582 1239 portum
608 1138 820 1215 Phalereum
845 1145 951 1213 autea
976 1138 1090 1212 Pharai
1121 1158 1250 1213 nomeu
1281 1142 1442 1237 gessisse
1473 1162 1643 1237 nusquam
1667 1144 1749 1218 alibi
1774 1148 1916 1223 inveni-

209 1246 289 1347 tur,
318 1252 424 1329 tacte
455 1244 685 1353 expediemus
720 1253 873 1329 eundem
905 1254 1022 1329 locum
1053 1257 1103 1329 its
1127 1251 1427 1355 interpungendo,
1452 1258 1492 1325 nt
1513 1252 1693 1352 legamusr
1717 1270 1916 1360 Δημήτριος,

207 1350 457 1451 Φανοστράτοο,
486 1361 667 1450 Φαληρεύς,
688 1400 730 1414 —-
763 1363 921 1452 Φάληρον
941 1360 976 1432 δὲ
998 1362 1098 1453 λιμὴν
1117 1367 1176 1451 τῆς
1193 1358 1345 1449 Ἀττικῆς
1370 1398 1411 1413 —·
1438 1356 1476 1441 ὃς
1500 1359 1538 1429 τὸ
1559 1368 1692 1450 πρῶτον
1712 1370 1824 1451 Φανὸς
1845 1370 1915 1440 tac·

206 1456 322 1550 hatra
359 1468 413 1541 lta
445 1466 611 1565 legentes
646 1468 862 1544 Demetrium
901 1474 998 1571 prius
1029 1468 1189 1544 Piranum
1211 1468 1245 1560 ³)
1286 1468 1499 1570 appeliatum
1532 1490 1616 1542 esse
1650 1475 1914 1553 concludemus

205 1582 307 1681 Quae
332 1588 511 1659 sententia
535 1607 608 1658 non
633 1584 800 1661 abhorret
829 1586 873 1660 ab
900 1611 967 1659 usu
992 1582 1228 1671 Graecorum3
1253 1610 1332 1658 nam
1357 1588 1426 1661 etsi
1450 1587 1591 1659 nomina
1614 1590 1802 1682 gentilicia·
1820 1594 1915 1692 apud

203 1684 270 1774 eos
302 1720 376 1799 nou
406 1704 509 1774 erant
539 1703 685 1791 usitata,
724 1704 866 1775 nomina
890 1708 1005 1776 tamen
1031 1698 1204 1800 quaedam
1234 1708 1408 1775 certarum
1439 1702 1597 1800 gentium
1629 1706 1772 1801 propria
1801 1704 1914 1784 misse

204 1804 339 1889 cerbrm
364 1820 431 1889 est.
481 1810 597 1892 Sicuti
622 1818 714 1891 enim
738 1816 830 1890 lilius
856 1819 1027 1891 maximus
1046 1824 1131 1890 natu
1156 1838 1285 1891 nomeu
1308 1816 1370 1889 avi
1395 1817 1561 1915 accipere
1585 1817 1744 1911 solebat,
1770 1822 1819 1893 ita
1842 1820 1913 1897 hoc

203 1948 345 2027 queque
363 1928 584 2009 Graecorum
598 1938 687 2023 erat,
712 1941 750 2005 ut
774 1936 926 2024 nomina,
952 1956 1045 2031 quae
1061 1933 1282 2031 singularum
1295 1933 1451 2029 gentium
1476 1930 1671 2011 hominbus
1695 1929 1911 2028 luderentur,

204 2045 462 2121 n‘uailitudinem
485 2045 661 2145 quandam
684 2050 776 2122 inter
800 2070 842 2123 se
867 2048 1051 2139 habereut,
1076 2070 1109 2124 e.
1135 2070 1171 2146 g.
1196 2051 1231 2123 in
1256 2054 1366 2147 geute
1391 2042 1557 2123 Socratis
1581 2049 1818 2149 praeterhac
1842 2075 1910 2126 uo-

202 2184 284 2237 meu
309 2166 487 2238 invenitur
503 2159 787 2263 Sophroniscus,
810 2173 848 2239 et
872 2168 907 2237 iu
923 2159 1117 2265 Sophoclis
1141 2171 1251 2260 gente
1275 2166 1416 2238 nomina
1438 2188 1463 2238 a
1486 2164 1665 2237 vocabulo
1691 2173 1796 2261 τάφος
1822 2169 1910 2241 inci-

201 2298 289 2375 pere
314 2320 364 2334 —-
394 2281 484 2377 patri
510 2274 705 2378 Sophoclis
730 2302 858 2355 nomeu
882 2286 962 2355 erat
985 2275 1157 2379 Sophilus
1179 2320 1254 2371 -,
1286 2281 1321 2353 in
1345 2276 1514 2355 Charetis
1538 2301 1618 2355 cnm
1641 2280 1755 2356 uerbo
1786 2295 1910 2378 χαίρειν

200 2390 398 2468 cohaerere
431 2394 566 2480 solent,
597 2392 668 2467 alia
699 2391 736 2465 id
766 2416 894 2491 genus.
943 2392 1084 2467 Eodem
1116 2392 1223 2467 modo
1252 2392 1368 2466 Pharai
1399 2417 1527 2468 nomen
1557 2392 1606 2465 ad
1636 2391 1910 2467 Phanostratum

202 2504 327 2581 referri
350 2512 481 2607 potest.
527 2504 652 2603 ltaque
677 2511 743 2581 etsi
770 2532 940 2604 nusquam
964 2507 1047 2581 alibi
1071 2504 1119 2581 de
1144 2504 1214 2581 hoe
1238 2508 1345 2605 priori
1368 2510 1507 2581 nomine
1531 2506 1701 2580 Demetrii
1726 2528 1749 2578 a
1772 2510 1908 2583 veteri-

200 2620 268 2699 bus
297 2620 431 2719 aliquid
462 2623 650 2697 memoriae
675 2630 732 2695 est
755 2622 948 2723 proditum,
977 2626 1028 2697 ita
1058 2628 1174 2696 lamen
1198 2626 1356 2715 statuere
1381 2644 1405 2693 a
1428 2622 1506 2695 veri
1532 2622 1655 2721 specie
1680 2641 1752 2693 nou
1776 2618 1908 2693 abhor-

199 2744 266 2813 ret
315 2738 447 2836 Neque
471 2760 564 2812 vero
588 2760 649 2813 res
672 2738 735 2812 illa
759 2746 816 2813 est
845 2739 1029 2830 absoluta,
1060 2736 1129 2815 sed
1161 2738 1280 2837 potins
1303 2733 1352 2809 ad
1377 2738 1620 2833 quaestionem
1653 2758 1720 2809 uros
1753 2736 1907 2834 impellit,

198 2852 295 2929 unde
325 2856 372 2927 sit
385 2850 388 2859 '
402 2852 532 2927 lactum
555 2853 620 2929 vel
644 2854 728 2952 quid
753 2858 984 2931 commoverit
1007 2854 1184 2944 Phauum,
1216 2858 1257 2925 ut
1287 2858 1438 2926 mutaret
1468 2874 1615 2943 rromen,
1645 2850 1682 2925 id
1713 2850 1808 2948 quod
1840 2877 1907 2927 uos

197 2969 295 3045 ducit
327 2967 375 3043 ad
406 2968 541 3062 locum,
573 2956 674 3067 quem
700 2967 960 3046 Plrauostratus
991 2977 1095 3071 paler
1124 2972 1160 3043 in
1192 2964 1464 3041 Atheniensium
1492 2964 1675 3067 republica
1707 2964 1906 3057 obtinuerit,

197 3070 445 3187 indagandum,
471 3092 519 3179 ul,
545 3092 659 3175 utrum
675 3084 877 3162 Demetrius
903 3112 927 3161 a
951 3086 1058 3163 nobili
1083 3112 1129 3159 an
1154 3082 1199 3158 ab
1225 3082 1380 3158 obscuro
1406 3090 1443 3158 et
1466 3080 1584 3155 humili
1609 3101 1746 3177 genere
1769 3084 1815 3153 sit
1840 3105 1905 3154 rra-

196 3208 271 3293 tus,
303 3212 472 3293 accurate
503 3196 762 3309 cognoscatur,
794 3226 864 3299 qua
896 3198 944 3277 de
976 3224 1016 3277 re
1048 3200 1131 3299 quid
1161 3204 1309 3275 veteres
1339 3220 1407 3271 nos
1431 3194 1605 3289 doceant,
1629 3195 1756 3274 ridere
1786 3194 1906 3271 liceat.

311 3468 446 3542 quatuor
466 3459 694 3544 pronuntianda
715 3469 774 3523 est.
822 3460 873 3522 De
899 3458 1088 3542 syllabarum
1113 3476 1244 3521 numero
1270 3464 1304 3519 et
1330 3452 1506 3539 quantitate
1534 3450 1612 3517 dixit
1630 3448 1852 3534 Heusingerns
1872 3448 1903 3510 in

310 3556 445 3622 observ.
486 3560 648 3622 Antibarb.
672 3580 701 3641 p.
721 3558 796 3621 ³⁷2.
838 3558 1005 3620 Phaedrus
1024 3565 1131 3620 tamen
1157 3558 1190 3619 V
1205 3558 1228 3618 l.
1250 3558 1274 3618 l.
1295 3572 1368 3619 cnm
1389 3552 1481 3616 utun:
1508 3549 1701 3632 Demetrius,
1724 3548 1778 3631 qni
1798 3548 1903 3611 dictus

309 3664 360 3722 est
370 3656 556 3745 Phalereus,
578 3658 805 3743 diphthongum
827 3656 983 3741 distraxit,
1004 3655 1090 3738 quod
1110 3674 1173 3719 non
1198 3656 1301 3740 magis
1321 3654 1471 3739 offendit,
1492 3668 1588 3735 quarn
1597 3646 1745 3730 Dlpheus
1764 3648 1902 3731 trisylla-

306 3758 382 3821 bum
404 3758 436 3820 in
455 3758 579 3843 Virgilii
601 3758 713 3822 Culice
733 3758 778 3821 V.
801 3756 863 3819 tto
885 3762 918 3818 et
938 3756 1015 3819 268.

236 3856 267 3941 Ι)
309 3856 376 3923 cta.
399 3872 455 3939 pro
476 3854 589 3943 ltrbir„
602 3855 689 3920 Post.
731 3852 819 3941 m
854 3854 1035 3917 Demetrius
1059 3861 1093 3915 at
1114 3850 1316 3935 erepublica
1336 3849 1485 3931 Athenis,
1513 3856 1549 3911 et
1567 3866 1610 3910 ex
1630 3845 1773 3911 doctrina
1791 3844 1902 3910 nobilis

309 3958 347 4021 et
363 3948 479 4043 dama,
500 3954 553 4039 qui
574 3954 746 4019 Phalereus
765 3953 925 4019 vocitatus
945 3960 995 4017 est
1014 3960 1077 4015 ate.
1097 3982 1139 3998 -

203 4060 207 4067 '
234 4048 267 4133 ¹)
306 4050 439 4115 Praeter
466 4060 607 4116 nostrum
627 4053 792 4137 Diogenes
816 4052 962 4115 Laertius
981 4050 1178 4135 undeviginti
1199 4048 1378 4113 Demetrias
1397 4052 1561 4109 enumerat
1581 4044 1643 4129 (V.
1664 4040 1737 4123 8³).

203 4160 208 4171 '
230 4146 264 4233 ⁸)
305 4148 435 4231 Phauus
455 4154 550 4217 etiam
570 4156 764 4241 argonautae
784 4148 950 4233 cujusdam
971 4166 1086 4213 nomen
1107 4156 1194 4235 erat,
1222 4146 1286 4211 vid.
1308 4144 1489 4231 Apollodor.
1514 4145 1542 4234 l,
1562 4146 1599 4235 D,
1622 4144 1677 4228 la,
1695 4142 1772 4201 item
1792 4132 1898 4197 Albe·

303 4248 422 4316 mensis
442 4260 600 4339 cognatus
620 4250 762 4337 Aphobl,
788 4266 884 4335 quarn
905 4246 1140 4314 Demosthenes
1158 4246 1326 4329 ahquotiea
1344 4250 1508 4311 nemum
1775 4264 1781 4273 ·

668 4368 677 4401 l
