4140 5234
1048 229 1125 319 41

937 428 1110 529 Frogm.
1141 426 1241 506 mx,

915 551 1007 629 thid.
1045 553 1084 629 tl.
1115 549 1158 626 Ξ.
1194 553 1279 628 661.

246 685 459 789 Δημήτριος
483 679 522 756 δὲ
558 681 805 771 γενέεσθαι
843 676 947 748 ἀντὶ
983 682 1062 748 τοῦ
1099 672 1396 774 γενήσεσθαι.

944 823 1116 923 Frogm.
1143 822 1223 899 Lx.

930 947 1021 1023 ibid.
1055 948 1095 1021 ΙΙ.
1135 952 1180 1021 Ν.
1217 949 1252 1022 5.

243 1080 454 1179 Δημήτριος
480 1075 520 1150 66
557 1073 761 1168 οίχαυοὺς
797 1070 904 1162 τοὺς
940 1071 1145 1160 εὐειδεῖς.

943 1219 1115 1318 Fregm.
1142 1217 1242 1295 Lxl.

892 1343 984 1420 ibid
1025 1345 1065 1418 ΙΙ.
1103 1346 1157 1416 Π.
1195 1343 1279 1419 611.

247 1496 454 1598 Δημήτριος
483 1494 522 1568 δὲ
557 1495 692 1583 πεζὸν
728 1489 1120 1587 α’χιονιζὸμενον’
1101 1491 1209 1590 α’χρι
1245 1497 1327 1564 τοῦ
1365 1487 1589 1615 ἅρματος,
1627 1490 1700 1570 ὅτε
1736 1494 2029 1593 Σαρπηδόνα

145 1594 243 1672 6666
287 1602 559 1697 προθορεῖν,
594 1597 650 1684 ὠς
682 1597 732 1667 τὸ
769 1592 909 1682 ,,ίκῦ’
945 1592 1081 1691 εθορε
1106 1601 1387 1691 προμαχοιν
1441 1589 1533 1664 Οῦκ
1563 1588 1673 1664 ἄνελ’
1699 1596 1920 1693 εμέμνητο
1947 1621 2029 1668 του

146 1701 337 1799 ῦιηροῦ,
371 1700 409 1769 εἰ
444 1690 634 1784 πεζὸς’
610 1720 675 1793 ην.

941 1813 1257 1914 ΠιιχιηὼΧΙῐ.

916 1939 1007 2016 lhid.
1042 1940 1087 2014 ll.
1123 1944 1167 2013 Ζ.
1204 1939 1264 2013 35.

242 2090 515 2214 Ἀχιλλεῦς
495 2095 582 2165 υπὸ
608 2091 687 2163 τὸν
720 2091 921 2187 Τρωϊκὸν
945 2087 1140 2184 πόλεμον
1170 2090 1357 2208 πορθῶν
1388 2087 1468 2177 τὰς
1501 2089 1767 2184 περιοίκους
1791 2094 1874 2187 τῆς
1906 2089 2030 2164 Ἰλίου

146 2194 318 2277 πόλεις,
345 2192 534 2309 ρὶφίκετο
562 2195 628 2276 εἰς
652 2191 734 2284 τὴν
760 2188 896 2259 πάλαι
921 2186 1000 2281 μὲν
1025 2187 1284 2306 Μονηνίρν,
1318 2193 1398 2260 νῦν
1424 2186 1469 2260 66
1502 2189 1717 2309 Πεῦασρν
1741 2190 2030 2289 καλουμένην,

146 2289 223 2362 καὶ
250 2287 396 2407 αὐτην
423 2287 511 2359 σῦν
535 2298 644 2406 ταῖς
680 2286 842 2374 ἄλλαις
876 2286 1001 2364 ἑλεῖν.
1051 2283 1351 2374 Ἀποχνόντος
1376 2284 1423 2357 δὲ
1455 2286 1601 2360 αὐτοῦ
1628 2285 1709 2384 τὴν
1734 2291 1800 2375 εἰς
1825 2290 1876 2361 τὸ
1901 2291 2031 2414 ιε’λρς

146 2387 426 2507 πολιορκίαν
452 2384 531 2459 666
557 2386 661 2509 την
667 2384 930 2507 οχυρὸτητα
955 2390 1034 2457 τοῦ
1061 2383 1204 2457 τόπου
1229 2384 1302 2456 καὶ
1326 2387 1618 2479 μέλλοντος’
1595 2397 1866 2486 αναχοιρεῖν,
1891 2389 2031 2512 ρρισλν

146 2489 257 2559 εἵσω
286 2494 374 2558 τῶν
406 2492 578 2578 τειχῶν
610 2481 755 2559 οὖσάν
787 2510 892 2557 τινα
917 2487 1162 2608 παρθένον
1178 2487 1442 2610 6'660666666
1471 2492 1553 2558 τοῦ
1581 2485 1829 2578 ’Aul-6669
1862 2491 1938 2561 καὶ
1963 2491 2031 2561 λα·

146 2595 328 2676 ροῦσαν
339 2589 503 2707 ¹666606
537 2587 603 2674 εἰς
627 2591 767 2658 τοῦτο
803 2581 1069 2706 ἐπιγράψαι
1092 2583 1166 2657 καὶ
1191 2583 1326 2684 ρίηιαι
1359 2587 1426 2674 εἰς
1455 2590 1594 2679 μεσον
1617 2590 1706 2657 τῶν
1740 2584 1954 2678 Ἀχαιῶν·
1978 2585 2032 2687 66¹

86 2774 95 2793 ι
147 2686 238 2758 66²
219 2714 265 2757 εν
294 2685 419 2784 666’66
444 2711 762 2783 χεχραμμενον
794 2684 875 2782 „616
914 2682 1069 2757 σπεῦδ’
1101 2684 1296 2775 Ἀχιλλεῦ
1329 2683 1436 2782 πρὶν
1464 2685 1713 2782 Μονηνίαν
1747 2688 1888 2757 ἑλεῖν·
1912 2686 2031 2782 ῦῦωρ

147 2787 229 2902 2¹66
256 2789 337 2858 οῦκ
363 2757 538 2854 ὲῦεστι·
562 2785 741 2901 ῦιχιῦσι
767 2791 950 2871 κακῶς(
1006 2787 1093 2855 Τὸν
1118 2782 1165 2853 δὲ
1192 2783 1435 2874 Ἀχιλλεα’
1416 2785 1714 2879 επιμείναντα
1739 2779 1852 2859 οὗτοι
1877 2789 2031 2878 λαβεῖν

55 2919 58 2929 ·
146 2884 231 2979 την
255 2880 393 2952 πόλιν
418 2887 472 2981 τῇ
498 2887 578 2951 τοῦ
605 2877 777 2968 ὕδατος
803 2879 987 2952 σπάνει
1013 2884 1036 2978 6
1065 2883 1254 2979 ἱστορία
1279 2882 1399 2978 παρὰ
1424 2885 1677 2983 Δημητρίῳ.
1685 2886 1716 2981 ¹)

245 3034 279 3113 l
305 3027 387 3128 περὶ
412 3024 560 3116 Ἰλιάδος
587 3026 668 3102 lihri
697 3028 782 3122 duo,
808 3028 1051 3103 commentarii
1078 3027 1115 3103 irr
1142 3029 1294 3105 Homeri
1327 3029 1484 3105 llietlem

917 3199 1088 3299 Frogm.
1124 3199 1261 3278 lrxllt.

844 3324 978 3401 Athen.
1015 3323 1077 3402 tv,
1104 3350 1139 3426 ρ.
1175 3329 1259 3400 itt.
1292 3324 1334 3399 F.

247 3492 456 3596 Δημήτριος
483 3490 513 3566 6'
541 3497 560 3563 6
590 3487 784 3588 Φαληρεὺς
810 3473 1087 3594 ἐπαρίστερον
1114 3475 1189 3580 τὴν
1213 3481 1288 3557 τοῦ
1319 3478 1468 3587 στίχου
1491 3476 1735 3596 παράληψιν
1755 3479 1932 3567 6566'66666
1959 3484 2032 3569 καὶ

152 3636 224 3735 τῆς
251 3635 453 3740 ποιήσεως
481 3627 703 3748 ἀλλότριον
731 3635 807 3713 τοῦ
1132 3610 1135 3615 ’

350 3848 378 3881 ,,
392 3785 537 3872 Ἤιδει
565 3788 650 3907 χὰρ
679 3787 795 3872 κατὰ
825 3785 974 3900 θυμὸν
1003 3780 1212 3894 ἀδελφεὸν
1240 3783 1292 3877 ὥς
1319 3785 1548 3884 ε’πσνεῖτσ,“
1581 3805 1641 3902 (ΙΙ.
1669 3804 1714 3881 ΙΙ.
1739 3809 1840 3907 coe.)

146 3936 424 4060 μικρολογίαν
457 3939 668 4055 εμβάλλει
702 3952 789 4035 τοῖς
824 3941 988 4050 6666
1056 3929 1192 4055 Οἶμαι
1220 3940 1305 4060 χείρ
1335 3977 1452 4058 φησιν
1490 3950 1675 4029 ἕκαστον
1703 3955 1782 4030 τῶν
1809 3958 2033 4070 χαριέντων

148 4099 381 4212 ἀνθρώπων
417 4098 527 4207 ἔχειν
562 4124 637 4178 και
664 4101 813 4183 οἰκεῖοι
849 4100 922 4182 καὶ
958 4092 1093 4206 χιλοῦ,
1127 4097 1231 4215 πρὸς
1266 4095 1311 4180 ὃν
1346 4096 1400 4181 ἄν
1433 4095 1561 4185 ἔλθοι
1594 4105 1756 4195 θυσίας
1792 4103 1932 4214 οίᾛσης
1961 4108 2034 4192 τὸν

146 4249 359 4336 καλοῦντα
387 4254 452 4370 μὴ
481 4254 736 4370 περιμείνας

248 4470 278 4531 in
301 4469 431 4550 antiquis
453 4470 574 4534 scholiis
597 4469 715 4552 saepius
738 4479 995 4543 commemoratos,
1018 4470 1115 4537 dictus
1136 4472 1183 4536 sit.
1227 4474 1324 4548 Quum
1345 4478 1443 4538 eutero
1466 4480 1496 4539 et
1518 4476 1686 4543 Demetrius
1707 4472 1792 4545 lxior
1814 4487 1844 4545 et
1865 4480 2032 4545 Demetrius

247 4577 406 4659 Scepsius,
437 4580 663 4659 cognominibus
693 4597 811 4661 sempor
840 4581 988 4665 adjunctis
1015 4580 1064 4645 vel
1094 4581 1242 4645 indicibus
1271 4580 1412 4649 librorum
1442 4586 1594 4667 ascriptis,
1622 4587 1652 4650 in
1683 4587 1730 4652 his
1750 4587 1873 4653 scholiis
1899 4590 2033 4655 citentur

246 4684 412 4767 lrogrnente
433 4702 524 4767 supro
545 4686 660 4768 proicis
682 4707 721 4752 ex
741 4687 875 4753 Phalerei
897 4689 979 4754 lihris
1001 4696 1142 4773 excerpts
1164 4708 1234 4754 esse
1256 4691 1425 4770 conjectore
1445 4691 1525 4756 licet.

194 4787 217 4871 ¹)
240 4792 308 4875 lpse
330 4794 470 4863 Demetrii
491 4795 581 4861 τιτλε
604 4813 644 4858 ex
664 4794 740 4863 libro
761 4799 826 4880 ejus
850 4815 919 4862 esse
942 4800 1077 4881 repetite,
1099 4815 1158 4862 non
1181 4797 1394 4864 contenderim.

1606 4882 1631 4955 8
