4140 5234
988 236 994 245 ¹
1012 219 1050 304 9

982 252 987 259 0

192 429 440 507 Ptolemaeum
461 418 751 520 Philadelphum,
768 416 966 493 Ptolemaei
984 415 1073 514 bagi
1094 413 1218 507 lilium,
1240 413 1401 513 Aegypti
1415 439 1548 514 regem,
1572 416 1757 494 incensum
1778 388 1993 499 totoedtos'

89 553 303 642 litterarum,
329 546 572 626 nteundrtae
597 543 770 643 insignem
798 540 1046 616 bibliothecam
1071 537 1278 614 condidisse
1299 536 1334 628 ii,
1361 561 1453 639 quos
1476 538 1645 633 diximus,
1673 541 1870 640 scriptores
1895 550 1970 620 tra'·

91 676 282 768 diderunt3
307 697 374 748 nec
391 682 539 772 graecos
555 691 638 744 eum
657 665 884 764 congessisse
900 663 1009 737 libros
1026 661 1115 736 satis
1134 660 1378 735 arbitratuma
1394 661 1586 739 chaldaeis
1601 686 1745 762 quoque
1760 675 1798 740 et
1809 665 1970 760 ludaeis,

92 799 227 892 Persis,
245 795 419 895 Assyriis,
441 791 613 887 Romanis
625 789 776 886 aliisque
791 786 960 886 gentibus
975 785 1084 858 libros
1103 783 1276 884 petivisse
1288 807 1423 883 eosque
1438 809 1567 883 graece
1578 811 1773 863 conversos
1792 787 1827 862 in
1845 789 1971 865 biblio·

91 921 196 998 theca
212 917 339 1019 reponi
353 914 516 1016 jussisse
544 912 671 1011 ltaque
684 934 794 1011 quum
813 907 1052 984 intellexisset
1071 931 1117 982 ex
1136 904 1318 981 Demetrio
1336 905 1522 999 l’balereo,
1548 931 1653 1007 quem
1675 909 1873 985 litterarum
1895 914 1972 986 lau·

93 1040 199 1120 dibus
225 1041 402 1116 illustrem
423 1035 664 1113 bibliothecae
689 1032 921 1132 praefecerat,
948 1044 1093 1106 exstare
1118 1029 1215 1129 apud
1241 1027 1404 1105 ludaeos
1431 1030 1612 1106 volumina
1638 1032 1908 1132 prophetorum,
1937 1035 1972 1110 in

92 1165 226 1266 'quibus
249 1162 296 1237 de
319 1161 402 1249 deo,
427 1159 475 1233 de
500 1156 623 1233 mundi
644 1155 798 1255 opificio,
823 1153 964 1251 elinque
989 1151 1196 1228 reconditae
1222 1150 1421 1250 sapientiae
1440 1165 1670 1230 monumenta
1691 1157 1973 1250 continerentur,

91 1286 284 1386 scripsisse
317 1308 400 1360 eum
432 1280 725 1378 Hierosolymam
761 1277 806 1352 ad
831 1276 1013 1382 ludaeos,
1046 1289 1088 1351 ut
1118 1275 1176 1351 ille
1204 1273 1501 1350 transmitterent
1554 1275 1677 1353 Lectis
1704 1280 1810 1376 regiis
1836 1281 1974 1373 litteris,

92 1409 204 1488 libros
224 1409 347 1485 aureis
373 1403 639 1482 characteribus
663 1399 865 1498 descriptos
891 1399 948 1473 ad‘
963 1423 1084 1496 regem
1106 1424 1170 1474 eos
1195 1398 1388 1474 curavisse.
1428 1399 1552 1498 Quum
1576 1424 1662 1475 vero
1683 1400 1734 1476 illi
1761 1402 1884 1478 traditi
1910 1403 1974 1479 be-

94 1534 203 1609 braeo
229 1530 415 1621 idiomate,
447 1525 550 1629 cujus
575 1523 765 1623 imperitus
791 1534 905 1613 esset,
933 1521 1128 1620 conscripti
1162 1533 1302 1614 essent,
1338 1520 1511 1621 petivisse
1535 1546 1617 1598 eum
1643 1523 1877 1623 interpretes,
1913 1527 1974 1624 qni

94 1678 141 1731 ex
167 1653 340 1729 Hebraeo
368 1651 403 1727 in
430 1673 598 1750 graecum
625 1670 826 1722 sermonem
854 1645 964 1720 libros
990 1645 1080 1721 istos
1105 1657 1370 1721 converterent
1431 1645 1562 1722 biisses
1594 1645 1705 1746 igitur
1728 1672 1809 1723 esse
1834 1672 1881 1723 ex
1907 1650 1974 1724 lu·

94 1762 184 1853 daea
217 1764 317 1852 viros
351 1773 583 1874 septuaginta
619 1770 691 1844 duo
723 1768 898 1844 bebraeas
931 1779 968 1842 et
1002 1792 1149 1866 graecas
1185 1767 1323 1842 litteras
1356 1781 1525 1845 accurate
1556 1769 1705 1863 doctos3
1743 1771 1810 1846 bns
1836 1794 1974 1847 sacram

94 1898 309 1999 scripturam
336 1897 371 1972 in
400 1895 521 1972 Pbaro
547 1894 664 1970 insula
690 1916 819 1992 graece
844 1892 1101 1988 interpretatos
1125 1916 1208 1967 esse
1233 1891 1382 1989 olymp.
1410 1890 1598 1984 cxxvii,
1625 1917 1719 1968 anno
1749 1893 1976 1992 Philadelphi

92 2022 188 2122 regia
214 2020 355 2097 dedmo
380 2028 510 2111 sexto3
544 2017 638 2094 bouc
663 2040 746 2091 esse
779 2014 1131 2114 interpretationem,
1164 2037 1269 2113 quam
1297 2012 1401 2090 dxx
1431 2038 1452 2088 a
1480 2039 1631 2091 numero
1663 2015 1822 2109 illorum,
1855 2016 1916 2116 qui
1944 2018 1976 2091 ei

92 2167 240 2244 operam
263 2141 440 2234 dederint,
459 2141 632 2231 dicamus,
651 2140 719 2215 eati
738 2137 805 2212 viri
826 2137 1057 2234 septuaginta
1077 2136 1150 2212 duo
1171 2137 1203 2211 ei
1228 2137 1428 2236 praefuisse
1448 2138 1643 2215 verisimile
1665 2139 1732 2232 sit;
1759 2164 1807 2215 ex
1827 2139 1977 2236 singulis

94 2264 189 2340 anim
216 2265 385 2338 tribubus
419 2286 486 2337 sex
521 2263 684 2336 delectos
709 2259 842 2350 luisse,
875 2257 957 2346 sed,
991 2270 1032 2332 ut
1062 2257 1114 2332 ait
1140 2259 1385 2356 Augustinus,
1417 2261 1669 2358 interpretatio
1701 2260 1771 2338 ista
1804 2274 1846 2337 ut
1872 2260 1976 2338 dxx

94 2395 297 2477 reametur,
323 2383 526 2460 obtinuisse
551 2380 860 2458 cousuetudinem.
901 2379 1125 2456 Demetrium
1152 2392 1274 2456 autem
1301 2380 1527 2473 Phalereum,
1554 2383 1826 2460 Alexandrinae
1851 2387 1977 2462 biblio-

95 2509 224 2585 tbecae
249 2507 486 2607 praelectum,
513 2517 628 2581 totum
656 2505 840 2604 negotium
866 2502 1172 2601 interpretationis
1199 2527 1347 2579 curasse
1378 2502 1531 2604 ejusque
1555 2505 1713 2606 inpulsu
1739 2534 1864 2608 regem
1891 2512 1977 2587 Pto·

96 2633 271 2708 lemaeum
297 2629 387 2707 illud
413 2629 631 2729 suscepisse.
681 2631 804 2727 Atque
827 2624 918 2702 baec
943 2638 1096 2703 testatur
1114 2626 1316 2720 Aristaeus,
1342 2625 1446 2727 cujus
1472 2631 1687 2708 auctoritate
1708 2644 1748 2708 et
1774 2633 1978 2713 testimonla

95 2753 195 2831 nisos
218 2754 419 2848 Eusebius,
452 2754 638 2853 dosepbus
671 2763 710 2826 et
741 2750 926 2826 christiani
953 2749 1148 2847 scriptores
1172 2751 1251 2824 iere
1276 2774 1401 2827 omnes
1426 2751 1578 2829 eandem
1605 2779 1679 2829 rem
1708 2781 1748 2832 se
1775 2756 1978 2855 prodidisse

47 2894 52 2905 '
97 2895 267 2968 latentur.
295 2893 429 2971 lluseb.
449 2892 582 2990 Praep.
606 2914 732 2989 evang.
759 2888 857 2965 vtlt.
878 2888 913 2963 2.
941 2886 1202 2987 προςήγγελταν
1227 2889 1291 2984 (ita
1319 2890 1543 2967 Demetrium
1573 2892 1788 2973 l’balereum
1814 2897 1860 2972 ad
1888 2898 1976 2974 Pto·

95 3035 273 3131 lemaeum
311 3055 434 3131 regem
472 3031 631 3105 locutum
659 3053 740 3105 esee
776 3027 865 3102 dicit
904 3026 1109 3125 Aristaeus)
1146 3026 1189 3101 δι’
1226 3057 1291 3126 μοι
1328 3031 1389 3104 καλ
1423 3029 1470 3104 τὰ
1505 3039 1581 3104 τῶν
1623 3031 1800 3109 Ἰουδαίων
1831 3038 1978 3134 νόμιμα,

96 3180 333 3278 μιτανραφής
366 3169 452 3258 ἄξια
484 3170 545 3244 καὶ
582 3176 651 3268 της
687 3168 785 3268 παρά
821 3187 882 3240 σοι
913 3167 1156 3268 βιβλιοθήκης
1181 3165 1285 3243 εἶναι·
1319 3171 1357 3244 τί
1389 3175 1432 3244 τὸ
1467 3169 1606 3247 κωλύον
1631 3169 1708 3262 οὖν,
1742 3171 1841 3249 εἶπεν
1867 3179 1978 3275 (aar),

97 3315 177 3387 ioci
212 3332 255 3388 ue
292 3320 405 3388 τοῦτο
442 3318 622 3410 ποιήσαις
665 3307 787 3382 πάντα
823 3306 893 3407 γὰρ
939 3307 1185 3384 ἀποτέτακταί
1228 3330 1289 3383 σοι
1329 3309 1375 3382 τὰ
1419 3315 1510 3409 πρὸς
1553 3310 1623 3408 τήν
1665 3315 1798 3413 χροίαν.
1867 3316 1904 3392 Ὁ
1938 3317 1978 3390 δὲ

99 3451 309 3553 Δημήτριος
354 3448 463 3525 εἶπεν·
506 3451 696 3552 ἑρμηνείας
742 3450 964 3549 προςδιῖται·
1014 3456 1242 3550 χαρακτῆρσι
1285 3449 1355 3550 γὰρ
1401 3450 1510 3540 ἰδίοις
1553 3450 1648 3526 κατὰ
1692 3454 1761 3554 τήν
1806 3455 1980 3531 Ἰουδαίαν

100 3600 269 3694 χρῶνται,
300 3591 469 3691 καθάπερ
502 3589 701 3684 Αἰγύπτιοι
734 3595 782 3692 τῇ
812 3596 886 3662 τῶν
906 3585 1130 3692 γραμμάτων
1161 3591 1285 3678 θέσει,
1318 3595 1418 3664 καθὸ
1451 3592 1511 3666 καὶ
1539 3593 1665 3695 φωνήν
1696 3595 1796 3672 ἰδίαν
1819 3598 1978 3691 ἔχουσιν·

99 3731 417 3828 ὑπολαμβάνονται
455 3732 495 3806 δι’·
532 3739 706 3838 Συριακή
740 3733 920 3829 χρῆσθαι·
959 3732 1001 3803 τὸ
1039 3728 1137 3804 δὀὐκ
1174 3730 1287 3818 ἔστιν,
1323 3730 1516 3832 ἀλλ’ἕτερος
1552 3735 1698 3858 τρόπος.
1748 3739 1981 3830 Μεταλαβιδν

100 3876 139 3950 δὲ
165 3879 302 3949 ἕκαστα
328 3880 347 3945 ὁ
373 3874 556 3964 βασιλεὺς,
586 3868 664 3948 εἶπε
688 3879 875 3973 γραφῆναι
909 3874 999 3972 πρὸς
1031 3878 1097 3946 τὸν
1126 3873 1293 3972 οίρχιιρία
1317 3878 1392 3944 τῶν
1424 3874 1620 3965 Ἰουδαίων,
1656 3875 1756 3965 ὅπως
1786 3877 1832 3950 τὰ
1855 3902 1979 3979 παροι-

101 4019 237 4117 ρημένα
273 4013 457 4087 τελείωσιν
494 4011 596 4117 λάβῃ.
646 4013 709 4102 Ὡς
735 4013 775 4087 δὲ
808 4011 1050 4113 κατεπράχθη
1087 4021 1224 4106 ταῦτα,
1260 4015 1325 4086 τὸν
1357 4012 1570 4116 Δημήτριον
1593 4018 1778 4090 ἐκέλευσεν
1810 4019 1980 4095 ἐκδοῦναι

101 4155 183 4264 περὶ
207 4161 276 4253 τῆς
300 4161 376 4229 τῶν
400 4151 602 4227 Ἰουδαϊκῶν
625 4155 772 4241 βιβλίων
794 4156 1011 4255 ἀναγραφῆς
1034 4159 1108 4230 κτλ
1128 4198 1174 4213 -·
1193 4156 1293 4232 idem
1319 4154 1451 4233 littaris
1476 4156 1672 4235 custodivit
1694 4157 1883 4258 epistolant
1907 4162 1980 4240 Da·

103 4291 221 4372 metrii
248 4293 412 4372 l'balerei
442 4293 490 4370 ad
524 4293 792 4389 Ptolemaeum,
824 4296 986 4396 Aegypti
1012 4320 1151 4396 regem,
1185 4294 1233 4372 de
1264 4295 1391 4372 eadem
1423 4320 1464 4370 ro
1496 4295 1684 4394 scriptam,
1717 4299 1766 4376 da
1789 4324 1861 4401 qua
1888 4302 1980 4378 inira

98 4435 307 4515 accuratius
325 4445 466 4535 agetur.
489 4435 576 4514 Hoc
599 4435 680 4512 loeo
704 4434 872 4530 sufficiat,
897 4436 1038 4513 nonnisi
1057 4461 1099 4512 ea
1123 4437 1246 4531 verba,
1271 4460 1367 4537 quaa
1384 4445 1555 4536 spectant
1578 4460 1668 4533 ram,
1695 4440 1744 4516 de
1762 4464 1834 4542 qua
1851 4442 1980 4542 agitur,

100 4578 344 4656 'transcribere
374 4598 422 4653 ex
448 4574 584 4655 lluseb.
617 4573 746 4676 Praep.
773 4597 899 4675 evang.
927 4572 1091 4654 illm
1141 4574 1428 4680 Προςτάξαντός
1464 4594 1551 4675 σου,
1587 4580 1756 4671 βασιλεῦ,
1792 4580 1872 4683 περὶ
1908 4591 1982 4658 τῶν

103 4718 402 4825 ἀπολειφθέντων
437 4720 491 4810 εἰς
527 4717 596 4821 τήν
629 4714 893 4821 σωμπλήρωσιν
930 4725 1000 4821 τῆς
1034 4702 1277 4820 βιβλιοθήκης
1319 4718 1486 4814 βιβλίων,
1523 4719 1622 4810 ὅπως
1656 4726 1895 4827 δτισνκαχθῇ
1921 4730 1978 4801 καὶ

1561 4846 1584 4921 2
