4140 5234
933 360 1123 377 ——u-—d

168 474 339 570 deinceps
369 488 485 543 annes
517 466 654 542 civitati
683 465 836 569 praebuit
867 488 1009 566 remque
1039 467 1216 569 publicam
1254 468 1442 555 salubriter
1471 467 1740 551 ailnriuistravil.
1799 475 1882 559 Sed

164 590 365 691 priusquam
389 580 632 682 dijudicemus,
671 578 847 677 quomodo
873 580 966 656 huuc
997 585 1237 678 magistratum
1278 586 1455 682 gesserit,
1488 608 1569 659 uum
1595 590 1881 688 approbantibus

167 698 308 777 civibus
332 698 547 798 reipublicae
570 697 678 771 saluti
701 718 833 773 revera
856 694 1092 786 consuluerit,
1124 716 1186 770 ros
1216 699 1314 796 ipsas
1337 721 1404 799 per
1426 697 1506 774 bos
1519 696 1646 776 decem
1669 725 1784 779 annus
1809 727 1879 802 ge-

165 820 243 888 sas
266 812 529 912 perlustramus,
554 817 728 908 quatenns
753 832 803 884 ex
816 816 977 884 veterum
991 809 1083 884 locis
1111 832 1176 884 eas
1201 815 1377 908 cognosci
1402 813 1499 886 licet.
1548 812 1702 889 Primum
1725 815 1783 890 bic
1808 840 1880 893 uo-

166 927 297 1011 taudus
320 923 464 1001 videtur
494 945 668 1000 recensus
694 924 756 998 ille
787 925 982 999 incolarum
1007 925 1164 1014 Atticae,
1196 948 1300 1022 quem
1324 925 1751 1017 Demetriustalerens
1775 932 1880 1005 nau-

166 1043 279 1117 iuiese
304 1047 467 1114 narratur
491 1063 514 1113 a
537 1036 699 1114 Ctesiele
722 1035 817 1136 apud
842 1035 975 1112 Athen.
1005 1037 1066 1112 Vl.
1091 1064 1125 1138 p.
1150 1039 1235 1112 272.
1261 1052 1446 1136 Κτησικλῆς
1473 1042 1555 1128 δ’ίυ
1580 1054 1674 1140 ιρίιῃ
1701 1058 1880 1139 Χρονικῶν
1910 1118 1913 1123 ,

165 1150 269 1237 φησιν
281 1152 320 1236 τῇ
343 1145 461 1236 δικάιρ
481 1146 563 1235 πρὸς
583 1146 641 1227 scie
662 1143 781 1214 ἑκατὸν
799 1141 996 1232 Ὀλυμπιάδι
1015 1145 1191 1233 Descende
1210 1149 1366 1235 γενέσθαι
1385 1146 1452 1219 iri
1474 1154 1667 1238 Δημητρίου
1687 1154 1748 1219 τοῦ
1769 1158 1880 1238 Φαλη-

168 1263 249 1352 ρίιις
268 1267 336 1332 cciv
354 1262 600 1332 κατοικούντων
625 1262 687 1350 τήν
703 1258 868 1348 Ἀττικήν,
894 1262 951 1328 καί
975 1257 1154 1350 εὑρεθῆναι
1177 1261 1373 1353 Ἀθηναίους
1398 1265 1461 1355 μίν
1485 1270 1678 1356 δισμυρίους
1701 1266 1783 1356 apic
1809 1274 1880 1348 τοῖς

167 1382 295 1469 χιλίοις,
315 1381 486 1465 μετοίκους
506 1378 542 1446 δὲ
562 1381 710 1466 μυρίους,
731 1379 869 1445 οἰκετῶν
888 1375 923 1444 δὲ
944 1376 1106 1463 μυριάδας
1125 1381 1372 1470 τεσσεράκοντα.

265 1482 417 1558 Primum
432 1487 465 1556 si
489 1483 536 1557 ad
550 1493 687 1582 tempus
711 1484 928 1581 respicimus,
955 1504 1024 1576 que
1049 1481 1144 1558 hunc
1166 1509 1354 1564 recensum
1378 1489 1569 1563 institutum
1595 1512 1680 1565 esee
1698 1489 1886 1585 Ctesiclcs¹

165 1597 302 1689 retulit,
327 1600 404 1694 J‘am
428 1593 647 1673 casaubono
672 1595 883 1686 (Animadv.
897 1597 946 1669 iu
969 1594 1104 1674 Athen.
1130 1595 1195 1674 Vl
1219 1602 1302 1691 20.)
1334 1601 1422 1679 illntl
1447 1611 1582 1701 ternpus
1606 1606 1720 1681 minus
1746 1612 1879 1683 verini·

165 1712 247 1787 mile
278 1710 454 1805 videtur,-
473 1714 555 1808 quia
589 1712 790 1786 Demetrius
818 1707 894 1796 hnc,
922 1717 1080 1811 tempore
1115 1712 1169 1789 ad
1201 1717 1449 1814 rempublicam
1479 1714 1635 1793 noudum
1668 1724 1877 1810 accesserit,

167 1846 285 1920 neque
322 1832 467 1926 propter
495 1834 660 1902 aetatem
693 1822 870 1899 accedere
909 1830 1073 1925 potuerit
1122 1827 1244 1919 omre
1272 1824 1512 1905 casaubonus
1542 1828 1637 1905 bunc
1677 1830 1794 1905 iocum
1825 1836 1876 1906 ita

167 1937 358 2015 emendare
382 1940 526 2033 studuit,
560 1949 598 2016 ut
622 1955 662 2041 τῇ
684 1948 897 2037 ἑκκαιδεκάτῃ
917 1940 1109 2036 legendum
1133 1952 1415 2017 essecensercl·
1437 2004 1440 2009 .
1465 1940 1546 2017 Sed
1570 1965 1616 2018 ne
1641 1942 1711 2020 boc
1736 1944 1875 2041 quidem

168 2059 305 2151 tempus
330 2053 379 2129 ad
402 2078 477 2130 rem
500 2058 610 2156 ipsam
634 2054 810 2152 quadrare
832 2054 990 2132 videtur
1034 2054 1300 2187 Wesselingips
1325 2055 1373 2136 ed
1388 2053 1496 2129 Diod
1512 2054 1610 2135 Vlll.
1635 2056 1693 2130 rt
1718 2066 1771 2145 et
1770 2056 1875 2133 Clin-

91 2206 95 2211 ·
166 2171 273 2243 tenus
296 2167 343 2245 le
359 2167 403 2243 Η
428 2195 461 2271 p.
480 2168 553 2246 178
578 2179 616 2245 et
639 2170 711 2246 379
742 2169 801 2247 ed
825 2168 892 2245 Kr
915 2167 1009 2244 hunc
1033 2188 1220 2272 recensum
1248 2171 1292 2241 iis
1326 2171 1413 2268 ipsis
1438 2169 1652 2300 temporibus
1683 2171 1875 2251 institutum

167 2300 251 2355 esse
282 2281 440 2359 arbitrati
470 2293 591 2379 sunt,
615 2285 739 2387 quibus
764 2285 964 2360 Demetrius
997 2264 1226 2381 principatum
1258 2290 1489 2383 susceperat,
1522 2285 1544 2353 i
1569 2270 1797 2373 ιι.01.115,
1829 2283 1876 2373 1.,

170 2414 261 2493 quae
277 2403 465 2486 sententia,
492 2424 694 2498 quamquam
719 2399 810 2473 mibi
824 2397 961 2496 quidem
987 2415 1059 2467 neu
1083 2393 1270 2483 admodum
1275 2394 1549 2513 probabilis,
1522 2396 1638 2467 tamen
1663 2395 1878 2493 argumentis

167 2531 241 2603 non
265 2518 376 2589 caret
408 2506 575 2586 Vidirnus
593 2513 695 2601 enim,
721 2506 963 2586 Cassandrum
979 2505 1194 2607 reipublicae
1219 2490 1386 2585 sunnem'
1376 2512 1439 2585 rto
1448 2514 1616 2597 mutasse,
1634 2494 1727 2585 ul,n
1705 2518 1758 2600 nsi,
1784 2530 1875 2605 que-

165 2647 244 2699 rum
266 2624 362 2699 bona
387 2621 512 2697 decern
526 2626 636 2698 minas
660 2626 741 2698 sive
766 2606 952 2699 drachmas
970 2618 1072 2695 mille
1095 2634 1324 2718 aequarent,
1326 2622 1379 2701 ad
1399 2623 1558 2723 bonores
1583 2619 1700 2697 aditus
1724 2624 1877 2724 patelie-

168 2745 236 2810 rct
278 2735 328 2811 Ut
357 2736 450 2811 hauc
474 2735 711 2812 conditionem
736 2732 946 2813 Cassander
969 2732 1168 2834 perficeret,
1198 2760 1302 2837 opus
1298 2741 1398 2828 orat
1423 2758 1576 2813 recensu
1607 2739 1780 2841 civium.
1797 2735 1877 2813 Sed

168 2856 268 2926 recte
286 2849 345 2926 hic
370 2852 477 2949 objici
501 2858 631 2955 potest,
655 2852 688 2923 si
711 2850 804 2926 illam
830 2850 876 2924 eb
902 2872 1046 2936 causam
1070 2850 1131 2925 illo
1154 2875 1342 2931 recensus
1350 2852 1507 2929 habitum
1519 2856 1629 2941 esset,
1655 2875 1729 2926 non
1751 2855 1877 2945 luisse,

170 2989 234 3039 cur
279 2974 518 3043 metoccerum
565 2974 604 3042 et
641 2988 827 3040 seruorum
872 2968 964 3038 ratio
1002 2963 1248 3059 baberetur,
1266 2972 1390 3067 quibus
1436 2972 1596 3069 suffragii
1631 2966 1776 3045 serendi
1814 2971 1879 3064 j'us

170 3088 243 3154 don
263 3089 372 3156 esset.
403 3082 487 3162 Jam
512 3086 627 3164 altera
650 3084 793 3163 accedit
817 3102 938 3171 causa,
964 3103 1055 3185 quae
1080 3085 1289 3159 sententiam
1304 3078 1397 3160 illam
1415 3084 1583 3195 probare
1597 3064 1751 3195 videtur.
1802 3077 1878 3156 Su·

170 3219 235 3301 pra
283 3203 571 3297 memoravimus,
622 3199 967 3337 Poleperchoutem
1015 3194 1175 3307 ievorq'm
1214 3194 1440 3277 Graecorum
1488 3198 1553 3287 albi
1597 3188 1788 3297 acquirere
1829 3199 1880 3269 ita
2006 3252 2010 3259 .

169 3290 368 3404 maduisse,
413 3324 451 3393 ut
490 3322 656 3411 omniurn,
700 3322 759 3417 qui
798 3322 943 3421 prepter
988 3315 1161 3387 minorum
1193 3310 1339 3388 censum
1381 3314 1444 3391 vel
1490 3296 1608 3407 aliam.
1632 3305 1709 3411 eb
1735 3324 1879 3389 cansam

161 3424 335 3501 -Atlrenos
373 3430 608 3526 reliquerant,
655 3432 803 3508 reditum
850 3430 1074 3506 decerneret.
1146 3424 1259 3514 Duum
1304 3429 1410 3522 igitur
1451 3433 1504 3510 tet
1548 3402 1723 3509 1ιοιιιίιιὲι
1748 3422 1880 3509 rediis-

171 3548 262 3632 sent,
287 3542 457 3618 Demetrii
481 3545 659 3638 Phalerei,
686 3550 744 3644 qui
762 3549 838 3642 J‘a'm
862 3546 1069 3642 princeps
1052 3539 1273 3614 111ιιιιιιιιιιιι
1298 3550 1416 3633 esset,
1440 3539 1489 3614 ad
1505 3536 1880 3636 rempublicamtbene

172 3652 480 3732 administrandam
503 3663 645 3735 multum
668 3663 843 3734 marenae
869 3656 1038 3754 debebat,
1063 3664 1103 3728 nt
1126 3657 1233 3728 totius
1258 3653 1403 3728 Atticae
1429 3651 1664 3728 conditionem
1689 3657 1727 3724 et
1741 3654 1879 3724 datum
2007 3650 2009 3654 '

172 3780 256 3881 tunc
280 3772 387 3897 plane
412 3766 605 3849 discordiis
627 3776 870 3897 intestinisque
902 3748 1005 3845 bellis
1029 3776 1193 3844 mutatum
1224 3770 1426 3843 accuratius
1450 3760 1692 3860 cognesceret
1713 3761 1880 3861 adeoque

174 3872 360 4001 recensum
369 3884 609 3999 institueret,
643 3911 713 3986 quo
746 3888 923 3962 munierum
953 3886 1026 3959 non
1058 3870 1238 3959 selum
1202 3884 1332 3989 ciuium
1355 3874 1553 3971 sedetiam
1576 3872 1817 3977 inquilinorum
1842 3886 1880 3951 et

173 4022 359 4099 sepseram
377 3978 598 4101 compertum
621 3986 778 4077 baberet
791 4000 949 4097 ltaque
973 3994 1059 4077 nihil
1083 3992 1246 4099 impedit,
1252 3978 1442 4091 quenlirurs
1460 3990 1677 4085 Demetrium
1696 3991 1850 4085 statim
1842 4014 1877 4063 ιιι

133 4170 135 4176 2
173 4117 271 4191 initio
296 4117 533 4217 principatus
535 4120 591 4191 sni
614 4137 799 4192 recensum
823 4115 1040 4188 Atticorum
1047 4112 1239 4195 incolarum
1263 4104 1476 4182 irnlituisue.
1486 4105 1695 4193 credamus,
1725 4125 1796 4201 quo
1827 4097 1874 4177 atl
