4140 5234
1019 226 1056 313 5

107 457 209 544 gerat
237 437 442 516 Demetrius
472 435 668 510 Phalereus
693 441 803 528 atque
827 427 920 504 adeo
946 437 1087 501 tentum
1116 425 1302 524 temperis,
1336 437 1510 525 quantum
1538 422 1691 504 Athenis
1717 425 1902 528 sapienter
1925 456 1993 533 go·

111 566 306 644 bernanrlis
328 561 544 659 praefuerat.
580 557 693 631 Novit
711 553 920 651 Scaligerur
943 577 1006 651 per
1028 575 1134 625 omne
1153 566 1295 646 ternpus
1315 550 1403 625 illud
1429 551 1635 625 Ptolemaeo
1656 554 1749 651 patri
1770 553 1994 632 Demetrium

112 693 225 767 luisse
257 686 480 762 carissimum
513 692 551 755 et
576 705 685 776 saepe
711 676 953 750 consiliarium
981 674 1227 763 utilissimum,
1261 673 1325 746 sed
1355 673 1452 747 unda
1479 687 1644 765 noverat,
1680 675 1797 750 virum
1823 677 1993 754 eruditis-

113 815 240 891 simum
273 826 383 906 atqua
415 802 669 903 elegantissimi
706 800 836 897 ingenii
865 797 991 897 juveni
1026 798 1223 871 litterarum
1259 795 1525 871 studiosissimo
1555 799 1762 872 Ptolemaeo
1789 825 1934 899 semper
1959 798 1996 876 in

112 935 269 1011 maximo
306 957 371 1031 per
404 954 510 1002 omne
544 942 687 1024 tempus
721 922 808 998 illud
844 921 926 996 odio
962 920 1104 994 luisse?
1157 919 1359 1017 Displicere
1394 919 1478 993 huie
1513 920 1640 995 debuit
1676 922 1863 997 eonsilium
1902 924 1996 1023 patri

112 1059 262 1146 dutum,
290 1054 354 1129 sed
389 1051 458 1126 hoe
491 1050 604 1122 multo
638 1047 749 1146 magis
784 1041 969 1144 probabile
1003 1040 1100 1116 fideli
1136 1053 1254 1115 tutum
1290 1042 1402 1115 luisse
1428 1043 1589 1134 silentia,
1624 1044 1708 1119 dum
1738 1045 1905 1120 alicunde
1931 1071 1996 1145 per

112 1182 268 1256 aulicum
295 1174 587 1251 calumniatorem
615 1171 707 1262 (sire
739 1193 864 1242 verum
892 1179 988 1241 esset
1013 1191 1078 1240 seu
1105 1164 1245 1261 lictum)
1273 1165 1494 1239 emanaverit
1524 1166 1569 1240 od
1601 1167 1864 1260 Ptolemaeum,
1897 1169 1995 1268 quad

115 1328 185 1379 non
212 1314 296 1376 anta
324 1300 458 1372 lactum
487 1296 671 1393 suspicor,
710 1316 816 1390 quum
849 1303 1013 1364 mortuus
1040 1301 1137 1362 esset
1163 1289 1300 1362 amicus
1329 1289 1513 1363 Demetrii.
1566 1289 1607 1363 Si
1634 1291 1787 1365 dederat
1812 1292 1847 1364 id
1875 1291 1995 1367 cansi-

115 1427 200 1502 lium
230 1421 453 1510 Demetrius,
479 1434 588 1516 atque
615 1417 703 1492 illud
733 1439 817 1489 mox
845 1424 1076 1488 emanaverat
1100 1412 1144 1486 ad
1175 1413 1439 1503 Ptolemaeum,
1466 1412 1523 1485 hic
1551 1428 1743 1510 propterea
1773 1415 1995 1489 Demetrium

115 1551 198 1623 odio
225 1570 370 1644 semper
397 1556 609 1639 prosecutus
636 1541 772 1629 luerat,
799 1562 864 1611 cur
890 1561 979 1628 non,
1005 1536 1118 1609 amico
1145 1561 1230 1633 rega
1257 1536 1446 1623 moriente,
1475 1536 1556 1632 luga
1583 1536 1650 1610 sibi
1678 1537 1873 1629 consuluit,
1901 1537 1996 1615 sicut

115 1685 199 1747 ante
232 1669 368 1744 lecerat
407 1678 488 1764 post
522 1663 626 1737 amici
659 1663 715 1736 sui
751 1659 945 1735 Cassandri
983 1672 1132 1733 mortem
1170 1671 1335 1732 metuens
1371 1658 1621 1754 Antigonum?
1671 1659 1745 1732 Sed
1784 1682 1830 1731 ex
1865 1660 1997 1757 quibus

117 1794 248 1869 deinde
279 1791 397 1865 verbis
431 1787 626 1886 Hermippi
659 1785 844 1882 Scaligero
871 1783 1050 1872 constitit,
1087 1781 1309 1855 Demetrium
1343 1780 1463 1853 statim
1499 1780 1600 1853 initio
1633 1781 1732 1878 regni
1769 1781 1995 1880 Philadelphi

118 1917 278 2016 periisse.
337 1913 429 1987 Nam
463 1912 558 2008 quod
595 1909 699 1984 nobis
733 1919 855 1981 narrat
887 1907 963 1980 dac.
1002 1906 1163 1979 Periaou.
1199 1904 1235 1976 in
1273 1903 1413 1977 Aeliani
1442 1902 1483 1975 V.
1511 1902 1560 1975 Η.
1595 1903 1659 1993 ΙΙΙ,
1688 1905 1744 1977 ΙΙ.
1771 1904 1925 1979 inrisum
1950 1907 1995 1980 ab

115 2039 215 2114 initio
241 2037 342 2135 regni
373 2034 609 2130 Philadelpho
636 2033 791 2128 ideoque
818 2032 1015 2127 relegatum
1042 2032 1086 2102 ab
1113 2053 1157 2101 eo
1189 2051 1230 2100 ac
1259 2027 1303 2100 ad
1332 2038 1482 2100 mortem
1509 2026 1645 2123 aspidis
1671 2051 1791 2101 morsu
1817 2028 1996 2119 adactum,

115 2164 330 2236 adversatur
355 2157 561 2253 Hermippo
583 2168 620 2230 et
646 2155 823 2242 Ciceroni,
849 2177 1000 2247 quorum
1028 2152 1074 2223 de
1099 2162 1217 2225 morta
1241 2150 1414 2223 Demetrii
1443 2152 1551 2223 verba
1574 2149 1781 2244 Scaligerus
1802 2149 1875 2248 jam
1898 2175 1996 2224 corn·

117 2281 269 2382 paravit.
321 2277 542 2373 Simpliciter
554 2275 782 2371 Hermippus
796 2271 887 2364 μετὰ
913 2270 983 2365 τὴν
1008 2271 1142 2342 ἐκείνου
1168 2273 1217 2345 ait
1242 2270 1422 2365 τελευτήν,
1449 2271 1661 2367 quantillum
1687 2270 1826 2361 suisset,
1851 2271 1880 2346 ai
1907 2271 1996 2348 illud

117 2405 270 2479 alterum
290 2411 388 2473 esset
409 2397 612 2488 dicendum,
641 2396 803 2469 voculam
833 2393 971 2480 εὐθέως
997 2393 1052 2467 vel
1079 2391 1183 2466 eliam
1205 2391 1392 2491 adjecisse.
1433 2393 1543 2466 Salva
1566 2392 1756 2489 Hermippi
1780 2393 1851 2469 lide
1878 2395 1998 2493 potuit

117 2550 234 2601 annus
272 2547 364 2597 unua
401 2533 437 2595 et
471 2523 562 2596 alter
596 2518 838 2607 intercedere,
877 2530 1066 2614 antequam
1100 2517 1136 2590 in
1169 2516 1290 2590 odium
1325 2516 1528 2590 incurreret
1555 2515 1817 2613 Philadelphi.“
1877 2518 1996 2616 Quum

122 2646 344 2723 Valckenarii
372 2642 717 2744 argumentationem
746 2665 767 2716 a
792 2641 867 2716 veri
892 2641 1015 2740 specie
1048 2663 1118 2715 non
1151 2639 1345 2715 abhorrere
1379 2649 1498 2737 patet,
1533 2663 1649 2736 neque
1675 2640 1868 2736 quidquam
1893 2665 1915 2716 a
1940 2664 1999 2718 me

116 2770 201 2847 adai
228 2794 321 2871 opus
347 2786 414 2846 est.
441 2811 486 2826 -··

221 2894 402 2982 Alterum,
437 2893 533 2990 quod
569 2891 737 2991 objicitur
770 2892 988 2982 sententiae,
1022 2915 1093 2989 qua
1128 2891 1335 2966 Demetriou
1372 2890 1609 2966 bibliothecae
1646 2892 1851 2989 praelectus
1886 2892 1999 2973 tuisse

118 3013 350 3090 contenditur
382 3014 578 3088 Ptolemaei
616 3014 851 3112 Phaladelphi
879 3027 1057 3110 tempore,
1091 3030 1249 3089 sumtum
1276 3026 1333 3088 est
1360 3017 1405 3088 ab
1432 3014 1645 3110 indignitate
1679 3016 1837 3090 muneris
1869 3017 1997 3095 biblio·

119 3137 279 3214 thecarii.
320 3136 401 3213 Non
424 3162 506 3211 ease
531 3137 734 3229 verisimile,
763 3137 985 3211 Demetrium
1008 3136 1233 3227 Phalereum,
1262 3137 1459 3236 principem
1486 3152 1524 3209 et
1545 3137 1813 3231 legumlatorem
1840 3140 1998 3217 omnium

119 3261 176 3337 sui
205 3260 378 3358 temporis
405 3260 719 3359 sapientissimum,
750 3260 861 3334 luisse
890 3259 1126 3333 bibliothecae
1154 3262 1387 3359 praelectum.
1425 3259 1622 3332 anerus
1643 3259 1676 3332 in
1696 3272 1927 3359 syntagmate
1952 3265 2000 3340 de

119 3409 248 3485 graeca
274 3397 311 3458 et
339 3386 446 3458 latina
474 3383 661 3487 bibliorum
689 3383 986 3481 interpretatione
1012 3409 1041 3456 c.
1069 3383 1134 3457 ΙΙΙ.
1160 3383 1208 3455 ita
1236 3379 1343 3454 eicit:
1376 3382 1593 3479 „Quomodo
1623 3407 1756 3479 quaeso
1782 3384 1841 3458 illa
1865 3387 2000 3462 Deme·

121 3507 189 3582 trio
222 3506 438 3582 conveniant
473 3506 709 3604 peripatetico
753 3506 985 3605 philosopho,
1018 3504 1166 3579 summis
1200 3504 1395 3580 honoribus
1429 3505 1553 3579 iuncto
1585 3520 1622 3579 et
1656 3505 1810 3580 maxima
1838 3512 2000 3608 potentia

120 3628 285 3705 celebri.“
345 3630 443 3704 ldem
478 3640 583 3728 urget
615 3627 846 3703 Humlredua
871 3628 1017 3703 Badius
1044 3628 1144 3724 (vida
1169 3628 1266 3726 apud
1304 3627 1471 3701 l'alclen.
1500 3626 1536 3700 in
1566 3627 1722 3702 Aristeb.
1748 3629 1833 3703 dud.
1863 3657 1897 3730 p.
1924 3636 1999 3731 55),

121 3752 178 3827 cui
205 3750 419 3826 adversatur
446 3753 592 3829 lsaacus
623 3750 774 3828 Vossius
801 3750 848 3824 de
866 3749 972 3825 Lxx
999 3751 1296 3849 interpretatione
1313 3776 1342 3824 e.
1361 3753 1394 3824 Ι.
1414 3775 1447 3848 p.
1472 3751 1525 3841 ll),
1553 3750 1613 3825 ubi
1641 3751 1738 3842 dicit,
1775 3753 1998 3833 Demetrium

124 3875 337 3950 Phalereum
370 3874 607 3951 bibliothecae
642 3874 863 3972 praelectum
899 3874 1011 3948 luisse
1037 3873 1155 3948 minus
1182 3873 1381 3948 mirandum
1408 3899 1507 3964 esse,
1542 3898 1647 3971 quam
1675 3875 1769 3973 quod
1800 3870 2000 3976 Dionysius

123 4011 316 4097 tyrannus,
352 4020 461 4093 regno
498 3998 677 4095 privatus,
712 3999 850 4072 litteras
886 4020 1016 4097 pueros
1051 3998 1215 4073 docuerit
1243 4039 1286 4051 —
1315 3997 1360 4070 ad
1395 4021 1488 4095 quaa
1522 3997 1570 4071 ita
1604 3996 1801 4097 respondet
1827 3999 1999 4079 Hodiusr

126 4120 341 4216 Dionysium
369 4130 563 4215 tyrannum
591 4143 718 4218 magno
746 4120 857 4196 luisse
883 4122 919 4194 in
944 4121 1027 4196 odio
1054 4120 1151 4219 apud
1181 4144 1320 4207 omnes,
1355 4131 1392 4193 et
1427 4133 1578 4195 exutum
1611 4144 1722 4217 regno
1756 4142 1905 4198 necesse
1936 4126 2000 4202 ha·

123 4238 247 4314 baisse
278 4241 454 4319 docendis
487 4241 611 4341 pueris
645 4242 779 4319 victum
806 4243 1028 4343 quaeritare,
1061 4266 1171 4341 quum
1199 4245 1425 4318 econtrario
1459 4254 1617 4333 constet,
1653 4244 1875 4321 Demetrium
1906 4248 2000 4326 Pha-

123 4364 271 4454 lereum,
298 4378 484 4464 postquam
508 4389 529 4440 a
550 4363 754 4465 principatu
780 4391 848 4469 quo
867 4368 1049 4468 relegatus
1076 4380 1182 4459 esset,
1209 4366 1244 4440 in
1264 4370 1433 4465 Aegypto
1459 4364 1591 4464 opibus
1610 4363 1819 4468 honoreque
1845 4371 2001 4451 maximo

122 4483 303 4565 floruisse.
354 4487 548 4589 Copiosiua
581 4499 700 4565 auteur
729 4487 775 4565 la.
805 4488 957 4566 Vossius
991 4489 1126 4566 relutat
1157 4488 1318 4565 Hodium
1347 4487 1383 4563 iu
1417 4487 1572 4588 append.
1599 4491 1744 4567 observ.
1769 4492 1816 4569 ad
1844 4493 2002 4594 Pompo·

220 4681 341 4766 apoteca
362 4683 562 4762 Πτολεμαίου,
591 4681 624 4749 dr
643 4682 775 4768 Σωτῆρα
802 4682 955 4749 mamm
982 4685 1035 4749 driu
1059 4684 1166 4767 πληροῖ
1189 4684 1433 4773 (Philadelphus)
1462 4680 1501 4749 rrl
1520 4684 1666 4768 βασιλείας
1684 4682 1743 4765 dre.
1792 4693 1838 4757 De
1857 4698 2001 4777 tempora,

223 4813 285 4878 qno
306 4803 391 4881 pater
407 4804 440 4864 at
459 4797 538 4862 tlliua
559 4798 646 4865 simul
666 4816 796 4884 regnare
816 4800 989 4883 coeperint,
1011 4798 1049 4863 el.
1062 4801 1151 4868 Stare
1172 4800 1211 4865 da
1232 4799 1360 4865 dialecto
1373 4800 1563 4866 llseedoalca
1586 4808 1616 4864 et
1628 4797 1829 4865 Alexandrino
1851 4800 1919 4867 hl.
1934 4804 2000 4869 aa
