4140 5234
10 444 14 449 ·
114 411 338 497 Demetrium
363 422 544 490 oratore·
565 410 749 489 describit.
806 412 929 486 Altero
954 410 1082 503 taam)
1098 409 1246 487 summis
1267 410 1545 490 Atheniensium
1572 413 1777 492 oratoribus
1796 412 2004 516 temper,

111 537 340 638 eloquentiae
366 536 541 611 Demetrii
577 534 767 633 imaginem
800 535 851 610 itu
885 532 1045 632 elflngitr
1081 533 1362 634 „Posteaquam
1396 536 1586 614 exstinctis
1617 537 1691 631 his,
1724 538 1842 615 omsis
1873 562 2002 616 eorum

112 658 444 737 morie'seusim
471 661 664 735 obscurata
691 671 748 733 est
780 670 818 733 et
841 656 1009 748 evanuit,
1042 656 1111 732 aiia
1144 657 1320 756 quaedam
1352 660 1497 736 dicandi
1531 662 1693 738 molliora
1724 686 1767 736 ac
1791 660 2002 741 remissiora

87 806 246 882 -pesera
272 782 478 882 riguerunt
523 783 614 858 lade
642 782 894 873 Demochares,
921 804 1026 878 quem
1053 779 1155 880 ajunt
1180 783 1317 859 sororis
1343 782 1455 859 lilium
1488 783 1600 880 luisse
1626 784 1882 863 Demosthenis
1919 799 2001 863 tum

111 905 373 983 Phalereus
410 905 494 981 ille
527 904 811 996 Demetrius,
852 903 1011 980 omnium
1037 904 1208 996 istorum,
1246 929 1324 981 mea
1359 907 1557 998 sententie,
1583 906 1834 1004 politissimus,
1864 908 2002 1009 aliique

112 1052 237 1107 uerum
262 1029 399 1105 similes
424 1029 679 1104 exstiterunt.“
731 1014 1007 1126 Aisaro‘ilooa
1032 1025 1139 1103 dicits
1184 1026 1407 1118 „Phalereus
1426 1030 1605 1106 successit
1629 1029 1673 1105 iis
1699 1030 1849 1107 senibus
1873 1030 2002 1109 adole·

111 1177 238 1243 aecus,
277 1151 544 1227 eruditissimus
582 1151 642 1226 ille
672 1152 818 1251 quidem
845 1152 975 1228 horum
1010 1150 1180 1242 omnium,
1215 1151 1281 1227 sed
1319 1175 1391 1227 nou
1425 1164 1498 1229 taur
1533 1152 1643 1230 aruris
1667 1153 1858 1231 institutus
1890 1179 2001 1254 quam

110 1276 303 1375 palaestra.
354 1274 482 1373 ltaque
506 1274 713 1350 delectabat
738 1275 852 1374 magis
882 1274 1121 1351 Athenienses
1146 1297 1251 1372 quam
1275 1274 1525 1353 inflammabat
1579 1275 1813 1353 Processeret
1838 1278 1934 1355 euius
1961 1279 2002 1357 in

110 1398 223 1477 ιοΙεει
249 1410 286 1473 et
308 1401 514 1496 pulverem,
546 1422 619 1475 uou
646 1411 687 1473 ut
711 1423 732 1473 a
759 1398 902 1474 militari
929 1398 1177 1490 tabernaculo,
1203 1397 1269 1475 scd
1298 1412 1339 1474 ut
1364 1424 1385 1474 a
1410 1397 1674 1497 Theophrasti,
1708 1399 1904 1476 doctissimi
1929 1400 2002 1481 iro-

110 1521 232 1613 rsisis,
265 1522 492 1597 umbraculis.
544 1521 619 1597 Hic
655 1521 791 1620 primus
826 1522 967 1598 inflexit
991 1521 1188 1599 orationem
1221 1534 1259 1596 et
1291 1547 1369 1597 eam
1397 1523 1539 1598 mollem
1567 1531 1802 1620 teneramque
1825 1523 2004 1621 reddidit,

111 1655 151 1723 st
166 1642 301 1736 suevis,
328 1644 425 1721 sicut
450 1644 529 1736 luit,
557 1645 670 1720 rideri
691 1645 817 1721 maluit
837 1669 943 1745 quam
963 1646 1103 1744 gravis3
1127 1644 1193 1719 sed
1216 1646 1399 1721 suavitate
1421 1669 1473 1738 ea,
1498 1669 1569 1744 qua
1588 1644 1825 1744 perfunderet
1849 1647 2003 1743 animus,

110 1791 183 1845 non
207 1792 278 1866 qua
305 1766 587 1866 perstringereta
626 1780 766 1844 tantum
794 1780 836 1844 ut
862 1768 1070 1846 memoriam
1096 1766 1350 1844 concinnitatis
1374 1766 1466 1844 'suae
1497 1792 1587 1860 nou,
1619 1768 1923 1865 quemadmodum
1949 1771 2003 1851 ds

109 1888 255 1969 Pericle
279 1890 425 1988 scripsit
452 1892 622 1988 Eupolis,
656 1917 738 1967 cum
766 1892 1007 1968 delectatione
1031 1893 1179 1967 aculeos
1206 1890 1316 1965 etiam
1344 1891 1565 1990 relinqueret
1594 1890 1630 1967 in
1658 1891 1788 1968 animis
1814 1918 2002 1986 aeroma

108 2012 243 2114 quihus
263 2026 363 2090 esset
386 2013 605 2114 auditus.“⁸)
666 2016 775 2115 Quod
804 2014 982 2117 judicium
1015 2014 1063 2089 de
1096 2013 1282 2090 Demetrio
1314 2039 1335 2089 a
1362 2014 1538 2089 Cicerone
1571 2014 1704 2091 lactum
1739 2019 2005 2115 comprobetur

110 2135 335 2236 Quintiliano
369 2138 457 2212 last.
485 2151 574 2214 orat
602 2138 649 2226 X,
678 2146 709 2210 l.
733 2139 794 2213 80.
846 2137 968 2238 „Quin
995 2137 1102 2212 etiem
1132 2136 1305 2212 Phalerea
1333 2137 1431 2213 illurn
1461 2138 1695 2228 Demetrium,
1720 2163 1937 2239 quamque·
1961 2141 2001 2218 is

110 2259 250 2361 primus
271 2261 464 2348 inclinasse
489 2262 728 2361 eloquentiam
755 2261 905 2353 dicitur,
944 2263 1096 2336 mullum
1129 2259 1261 2359 ingenii
1295 2260 1528 2337 habuissent
1555 2261 1747 2337 facundiae
1773 2263 1905 2356 lateus,
1940 2266 2001 2340 vel

111 2385 157 2459 oh
181 2383 251 2459 hoc
277 2386 447 2459 memoria
474 2385 631 2483 dignum,
659 2386 754 2484 quod
784 2387 931 2460 ultimus
958 2395 1015 2458 est
1040 2385 1117 2458 lere
1142 2409 1189 2459 ex
1217 2383 1358 2474 Atticis,
1385 2384 1445 2482 qui
1473 2384 1544 2460 dici
1574 2384 1689 2482 possit
1714 2398 1855 2465 oratore
1888 2411 2002 2486 quem

111 2515 231 2583 umen
264 2507 301 2581 io
328 2508 388 2582 illo
415 2509 534 2583 medio
566 2533 699 2605 genere
732 2509 874 2583 dicendi
909 2507 1066 2607 praefert
1099 2507 1266 2584 omnihus
1299 2508 1508 2603 Cicero.“⁴).
1561 2507 1649 2584 lust.
1676 2519 1764 2583 orat.
1792 2509 1837 2584 X.
1868 2511 1897 2583 l.
1935 2511 2002 2587 33.

110 2630 231 2724 „Dum
253 2629 288 2705 iu
315 2631 387 2721 his,
417 2631 619 2729 dequibus
654 2633 724 2706 erit
760 2631 941 2730 quaestio,
977 2629 1243 2704 meminerimus
1270 2654 1339 2703 nun
1366 2631 1582 2706 athletarum
1609 2643 1725 2725 toros,
1751 2631 1815 2706 sed
1842 2631 2003 2707 militurn

112 2754 267 2829 lacertos
293 2778 391 2846 esse,
419 2779 485 2828 nec
512 2755 766 2829 versicolorem
790 2753 943 2850 illane),
977 2775 1048 2850 qua
1078 2751 1285 2827 Demetrius
1314 2753 1512 2829 Phalereus
1539 2753 1724 2829 dicebatur
1750 2753 1818 2845 uti,
1853 2764 2004 2828 vestem

110 2879 204 2975 laeua
228 2877 273 2952 ad
302 2878 480 2953 larensem
508 2878 695 2977 pulverem
722 2876 876 2953 iacere.“
932 2875 1013 2952 lam
1045 2900 1095 2953 ex
1130 2874 1185 2951 his
1213 2877 1415 2970 Ciceronis,
1452 2878 1677 2955 subtilissimi
1703 2888 1741 2953 et
1767 2873 1931 2954 acerrimi
1960 2876 2001 2953 in

110 2999 244 3077 hecra
269 2999 422 3100 judicis,
453 3012 491 3075 et
520 3000 734 3100 Quintiliani
769 2999 1003 3092 testimoniis,
1036 3001 1097 3101 qui
1135 3000 1377 3094 Demetrium,
1414 2999 1519 3101 cujus
1553 3014 1653 3077 aetas
1687 3001 1724 3081 in
1758 3028 1800 3077 ca
1834 3014 2000 3098 tempora

110 3123 247 3218 incidit,
272 3150 365 3225 quae
387 3150 458 3201 uon
480 3128 598 3201 solum
622 3148 783 3203 summos
802 3136 963 3202 oratores
983 3121 1058 3226 jam
1079 3125 1254 3216 viderant,
1280 3125 1344 3202 sed
1370 3125 1488 3218 etiam,
1512 3126 1679 3203 libertate
1694 3127 1848 3219 anhleta,
1874 3125 2001 3225 iniqua

155 3371 183 3456 ¹)
204 3378 264 3443 Cic.
288 3379 327 3443 de
347 3387 422 3443 urat.
445 3379 478 3443 ll.
503 3377 553 3442 23.

152 3478 183 3555 ’)
205 3485 266 3549 cic.
288 3486 368 3549 Brut.
391 3505 455 3566 cap.
479 3487 508 3549 9.

152 3583 182 3665 ')
204 3591 300 3656 Aliter
321 3592 359 3653 da
381 3593 519 3656 Demetrii
542 3593 611 3656 stilo
637 3595 750 3677 judicet
772 3596 924 3676 Diogenes
945 3593 1042 3656 Laert.
1071 3590 1105 3652 V.
1130 3592 1159 3652 5.
1182 3588 1232 3652 82.
1275 3585 1424 3668 χαρακτὴρ
1455 3589 1487 3648 tt
1516 3584 1686 3669 φιλόσοφος,
1716 3587 1827 3672 cirasia
1856 3588 2001 3671 ῥητορικῇ

207 3699 256 3758 asni
277 3689 392 3774 δυνάμει
413 3698 590 3775 κεκραμένος.

107 3826 111 3835 ’
152 3802 182 3888 ⁴)
204 3808 243 3873 ci.
266 3809 326 3872 Cic.
349 3810 378 3871 iu
403 3809 484 3872 Orat.
507 3827 534 3872 o.
557 3806 606 3870 27.
637 3808 719 3878 „Hoc
740 3808 768 3870 in
792 3826 920 3887 genere,
942 3822 1102 3870 nervorum
1124 3804 1171 3869 rel
1193 3806 1357 3884 minimum,
1388 3806 1543 3869 suavitatis
1565 3812 1665 3869 eutem
1688 3815 1734 3871 est
1756 3806 1804 3872 rel
1827 3805 2001 3890 plurimum.

107 3958 112 3967 ·
209 3916 264 3984 Est
284 3918 361 3981 enirn
382 3918 506 4000 plenius,
530 3934 617 3996 qnam
639 3916 698 3978 hoo
720 3915 923 3979 enucleatum:
953 3932 1041 3996 quarn
1063 3922 1160 3977 autem
1183 3915 1254 3979 illud
1277 3921 1411 3979 omasum
1434 3915 1661 3997 copiosumque,
1683 3917 1877 3980 summissius.
1920 3916 2003 3982 linio

208 4025 305 4090 mart·
334 4025 452 4090 dicendi
480 4031 651 4088 ornamenta
679 4025 874 4101 conveniunt,
905 4023 1122 4105 plurimumque
1150 4031 1197 4086 est
1225 4024 1254 4085 in
1285 4020 1341 4084 hac
1370 4023 1512 4086 orationis
1541 4023 1634 4088 torma
1664 4025 1825 4088 suavitatis.
1875 4024 1909 4088 ln
1937 4044 2001 4106 qua

107 4208 110 4213 ,
209 4134 292 4199 multi
314 4132 480 4201 floruerunt
500 4133 579 4216 apud
601 4133 747 4196 Graecos:
779 4133 835 4197 aad
856 4131 1017 4196 Phalereus
1037 4132 1204 4195 Demetrius
1227 4145 1295 4193 meo
1322 4128 1432 4209 iudicio
1460 4133 1604 4212 praestitit
1635 4133 1757 4207 cnensp
1790 4131 1877 4211 carim
1898 4135 2002 4197 oratio

108 4328 113 4337 Ι
210 4259 277 4306 cum
298 4242 403 4307 sedato
423 4242 601 4327 placideque
620 4239 767 4325 loquitur,
797 4247 859 4303 tum
881 4240 1030 4304 illustrant
1051 4257 1131 4318 eam,
1160 4238 1245 4320 quasi
1267 4236 1372 4326 atellae
1399 4239 1561 4321 quaedam,
1585 4239 1690 4304 melate
1712 4238 1804 4303 rerha
1824 4245 1918 4323 atque
1938 4242 2002 4305 lm-

212 4352 352 4413 mutete.“
1360 4412 1367 4423 ‚

140 4444 183 4531 ¹⁵)
205 4456 265 4523 Ciu.
287 4458 316 4521 in
339 4456 430 4519 Bruto
452 4473 479 4519 c.
501 4457 531 4520 9.
557 4457 656 4527 „llaec
679 4455 755 4519 enirn
778 4460 860 4519 seles
883 4451 1067 4538 (Hyperidis,
1088 4450 1257 4531 Aeschinis,
1279 4451 1420 4536 Lycurgi,
1445 4451 1593 4545 Dinarchi,
1615 4451 1770 4522 Demadis)
1792 4451 1896 4517 eiiudit
1919 4453 2005 4520 hano

123 4624 130 4635 .
209 4565 340 4649 copiam;
373 4568 419 4642 et,
448 4570 481 4627 ut
509 4565 609 4646 opinio
637 4582 703 4628 mea
731 4562 803 4642 ieri,
832 4566 942 4627 succus
968 4560 1018 4625 ille
1044 4565 1074 4623 ei
1100 4558 1223 4644 sanguia
1250 4559 1440 4642 incorruptos
1470 4558 1631 4641 usquead
1659 4559 1738 4624 hana
1766 4566 1890 4625 aetatem
1903 4565 2001 4627 ''ora-

209 4683 306 4740 torum
329 4673 397 4752 luit,
424 4675 454 4736 in
478 4689 536 4756 qua
558 4671 700 4737 naturalis
722 4674 848 4752 inesset,
877 4686 937 4736 non
959 4669 1075 4736 iocatus
1102 4669 1191 4734 nitor.
1235 4667 1395 4735 Phalereus
1423 4666 1500 4731 euim
1528 4669 1675 4739 successit
1701 4671 1738 4735 iis
1766 4669 1888 4737 senibus
1918 4672 2000 4736 ado-.-

209 4782 328 4851 iescam
350 4782 426 4848 etc‘
