<?xml version="1.0" encoding="UTF-8"?>
<!DOCTYPE html PUBLIC "-//W3C//DTD XHTML 1.0 Transitional//EN"
    "http://www.w3.org/TR/xhtml1/DTD/xhtml1-transitional.dtd">
<html xmlns="http://www.w3.org/1999/xhtml" xml:lang="en" lang="en">
 <head>
  <title>
</title>
<meta http-equiv="Content-Type" content="text/html;charset=utf-8" />
  <meta name='ocr-system' content='tesseract 3.04.00' />
  <meta name='ocr-capabilities' content='ocr_page ocr_carea ocr_par ocr_line ocrx_word'/>
</head>
<body>
  <div class='ocr_page' id='page_1' title='image "./commentationisd00ostegoog_0086.png"; bbox 0 0 4132 5236; ppageno 0'>
   <div class='ocr_carea' id='block_1_1' title="bbox 85 487 1974 1831">
    <p class='ocr_par' dir='ltr' id='par_1_1' title="bbox 85 487 1974 1831">
     <span class='ocr_line' id='line_1_1' title="bbox 85 487 1973 604; baseline -0.009 -18"><span class='ocrx_word' id='word_1_1' title='bbox 85 511 211 587; x_wconf 87' lang='lat' dir='ltr'>colunt</span> <span class='ocrx_word' id='word_1_2' title='bbox 242 501 377 604; x_wconf 80' lang='lat' dir='ltr'>abique</span> <span class='ocrx_word' id='word_1_3' title='bbox 409 499 587 603; x_wconf 88' lang='lat' dir='ltr'>gentium,</span> <span class='ocrx_word' id='word_1_4' title='bbox 619 496 770 573; x_wconf 87' lang='lat' dir='ltr'>mirarer</span> <span class='ocrx_word' id='word_1_5' title='bbox 793 491 980 593; x_wconf 88' lang='lat' dir='ltr'>equidem,</span> <span class='ocrx_word' id='word_1_6' title='bbox 1012 491 1046 567; x_wconf 86' lang='lat' dir='ltr'>si</span> <span class='ocrx_word' id='word_1_7' title='bbox 1071 491 1156 566; x_wconf 78' lang='lat' dir='ltr'>iste-</span> <span class='ocrx_word' id='word_1_8' title='bbox 1181 488 1343 589; x_wconf 90' lang='lat' dir='ltr'>inprimis</span> <span class='ocrx_word' id='word_1_9' title='bbox 1375 489 1528 567; x_wconf 86' lang='lat' dir='ltr'>articulo</span> <span class='ocrx_word' id='word_1_10' title='bbox 1562 487 1754 590; x_wconf 89' lang='lat' dir='ltr'>temporie,</span> <span class='ocrx_word' id='word_1_11' title='bbox 1786 504 1862 589; x_wconf 82' lang='lat' dir='ltr'>q&#39;uo</span> <span class='ocrx_word' id='word_1_12' title='bbox 1891 490 1973 569; x_wconf 81' lang='lat' dir='ltr'>libri</span> 
     </span>
     <span class='ocr_line' id='line_1_2' title="bbox 85 613 1974 733; baseline -0.011 -26"><span class='ocrx_word' id='word_1_13' title='bbox 85 631 206 733; x_wconf 82' lang='lat' dir='ltr'>quinia</span> <span class='ocrx_word' id='word_1_14' title='bbox 231 629 401 727; x_wconf 82' lang='lat' dir='ltr'>undique</span> <span class='ocrx_word' id='word_1_15' title='bbox 415 638 593 702; x_wconf 91' lang='lat' dir='ltr'>terrarum</span> <span class='ocrx_word' id='word_1_16' title='bbox 618 621 655 696; x_wconf 91' lang='lat' dir='ltr'>in</span> <span class='ocrx_word' id='word_1_17' title='bbox 680 619 813 718; x_wconf 87' lang='lat' dir='ltr'>regiam</span> <span class='ocrx_word' id='word_1_18' title='bbox 846 616 1151 715; x_wconf 84' lang='lat' dir='ltr'>conquirebantnr</span> <span class='ocrx_word' id='word_1_19' title='bbox 1178 614 1442 705; x_wconf 75' lang='lat' dir='ltr'>bibliothecam,</span> <span class='ocrx_word' id='word_1_20' title='bbox 1468 614 1602 691; x_wconf 86' lang='lat' dir='ltr'>nullius</span> <span class='ocrx_word' id='word_1_21' title='bbox 1630 627 1756 712; x_wconf 86' lang='lat' dir='ltr'>rogatu</span> <span class='ocrx_word' id='word_1_22' title='bbox 1786 616 1841 688; x_wconf 87' lang='lat' dir='ltr'>vel</span> <span class='ocrx_word' id='word_1_23' title='bbox 1865 613 1974 714; x_wconf 73' lang='lat' dir='ltr'>jusu</span> 
     </span>
     <span class='ocr_line' id='line_1_3' title="bbox 85 737 1974 835; baseline -0.008 -4"><span class='ocrx_word' id='word_1_24' title='bbox 85 754 151 831; x_wconf 84' lang='lat' dir='ltr'>aad</span> <span class='ocrx_word' id='word_1_25' title='bbox 176 776 245 829; x_wconf 85' lang='lat' dir='ltr'>aue</span> <span class='ocrx_word' id='word_1_26' title='bbox 270 763 370 825; x_wconf 90' lang='lat' dir='ltr'>motu</span> <span class='ocrx_word' id='word_1_27' title='bbox 400 773 476 824; x_wconf 90' lang='lat' dir='ltr'>rem</span> <span class='ocrx_word' id='word_1_28' title='bbox 506 743 642 820; x_wconf 86' lang='lat' dir='ltr'>luerint</span> <span class='ocrx_word' id='word_1_29' title='bbox 673 742 880 818; x_wconf 89' lang='lat' dir='ltr'>amoribus</span> <span class='ocrx_word' id='word_1_30' title='bbox 904 741 983 816; x_wconf 84' lang='lat' dir='ltr'>suis</span> <span class='ocrx_word' id='word_1_31' title='bbox 1009 739 1261 813; x_wconf 78' lang='lat' dir='ltr'><strong>abhorrentem</strong></span> <span class='ocrx_word' id='word_1_32' title='bbox 1291 738 1462 835; x_wconf 75' lang='lat' dir='ltr'><strong>aggressi.</strong></span> <span class='ocrx_word' id='word_1_33' title='bbox 1514 738 1603 814; x_wconf 81' lang='lat' dir='ltr'>Mihi</span> <span class='ocrx_word' id='word_1_34' title='bbox 1635 737 1772 815; x_wconf 89' lang='lat' dir='ltr'>monitu</span> <span class='ocrx_word' id='word_1_35' title='bbox 1799 738 1974 815; x_wconf 84' lang='lat' dir='ltr'>Demetrii</span> 
     </span>
     <span class='ocr_line' id='line_1_4' title="bbox 89 862 1972 975; baseline -0.007 -23"><span class='ocrx_word' id='word_1_36' title='bbox 89 876 224 975; x_wconf 84' lang='lat' dir='ltr'>primus</span> <span class='ocrx_word' id='word_1_37' title='bbox 249 875 396 949; x_wconf 84' lang='lat' dir='ltr'>ridetm</span> <span class='ocrx_word' id='word_1_38' title='bbox 423 870 657 945; x_wconf 71' lang='lat' dir='ltr'>Ptolemaeus</span> <span class='ocrx_word' id='word_1_39' title='bbox 681 865 900 956; x_wconf 87' lang='lat' dir='ltr'>concitatas,</span> <span class='ocrx_word' id='word_1_40' title='bbox 932 876 976 938; x_wconf 90' lang='lat' dir='ltr'>ut</span> <span class='ocrx_word' id='word_1_41' title='bbox 1000 862 1224 937; x_wconf 80' lang='lat' dir='ltr'>ludaeorum</span> <span class='ocrx_word' id='word_1_42' title='bbox 1251 880 1396 960; x_wconf 88' lang='lat' dir='ltr'>queque</span> <span class='ocrx_word' id='word_1_43' title='bbox 1424 862 1524 960; x_wconf 83' lang='lat' dir='ltr'>leges</span> <span class='ocrx_word' id='word_1_44' title='bbox 1551 886 1633 936; x_wconf 88' lang='lat' dir='ltr'>cum</span> <span class='ocrx_word' id='word_1_45' title='bbox 1661 873 1717 938; x_wconf 91' lang='lat' dir='ltr'>tot</span> <span class='ocrx_word' id='word_1_46' title='bbox 1743 862 1821 938; x_wconf 86' lang='lat' dir='ltr'>aliis</span> <span class='ocrx_word' id='word_1_47' title='bbox 1846 862 1972 939; x_wconf 65' lang='lat' dir='ltr'>little</span> 
     </span>
     <span class='ocr_line' id='line_1_5' title="bbox 87 983 1970 1093; baseline -0.006 -19"><span class='ocrx_word' id='word_1_48' title='bbox 87 1000 214 1074; x_wconf 87' lang='lat' dir='ltr'>thecae</span> <span class='ocrx_word' id='word_1_49' title='bbox 239 1020 328 1072; x_wconf 89' lang='lat' dir='ltr'>suae</span> <span class='ocrx_word' id='word_1_50' title='bbox 354 1004 510 1093; x_wconf 90' lang='lat' dir='ltr'>pararet,</span> <span class='ocrx_word' id='word_1_51' title='bbox 537 989 780 1088; x_wconf 75' lang='lat' dir='ltr'>benignissimi</span> <span class='ocrx_word' id='word_1_52' title='bbox 807 988 903 1087; x_wconf 87' lang='lat' dir='ltr'>regis</span> <span class='ocrx_word' id='word_1_53' title='bbox 929 997 967 1060; x_wconf 91' lang='lat' dir='ltr'>et</span> <span class='ocrx_word' id='word_1_54' title='bbox 993 984 1316 1060; x_wconf 84' lang='lat' dir='ltr'>munificentissimi</span> <span class='ocrx_word' id='word_1_55' title='bbox 1337 983 1456 1084; x_wconf 89' lang='lat' dir='ltr'>jussui</span> <span class='ocrx_word' id='word_1_56' title='bbox 1480 984 1660 1078; x_wconf 88' lang='lat' dir='ltr'>videntur,</span> <span class='ocrx_word' id='word_1_57' title='bbox 1688 1010 1834 1060; x_wconf 87' lang='lat' dir='ltr'>enorum</span> <span class='ocrx_word' id='word_1_58' title='bbox 1863 986 1970 1063; x_wconf 65' lang='lat' dir='ltr'>etia!</span> 
     </span>
     <span class='ocr_line' id='line_1_6' title="bbox 87 1108 1974 1221; baseline -0.007 -24"><span class='ocrx_word' id='word_1_59' title='bbox 87 1144 217 1221; x_wconf 87' lang='lat' dir='ltr'>graece</span> <span class='ocrx_word' id='word_1_60' title='bbox 247 1128 387 1193; x_wconf 86' lang='lat' dir='ltr'>tantum</span> <span class='ocrx_word' id='word_1_61' title='bbox 413 1112 690 1212; x_wconf 86' lang='lat' dir='ltr'>intelligentium</span> <span class='ocrx_word' id='word_1_62' title='bbox 715 1111 943 1212; x_wconf 86' lang='lat' dir='ltr'>popularium</span> <span class='ocrx_word' id='word_1_63' title='bbox 970 1108 1094 1184; x_wconf 87' lang='lat' dir='ltr'>habita</span> <span class='ocrx_word' id='word_1_64' title='bbox 1129 1108 1249 1184; x_wconf 89' lang='lat' dir='ltr'>iorsan</span> <span class='ocrx_word' id='word_1_65' title='bbox 1284 1108 1439 1206; x_wconf 90' lang='lat' dir='ltr'>quadem</span> <span class='ocrx_word' id='word_1_66' title='bbox 1474 1109 1632 1202; x_wconf 88' lang='lat' dir='ltr'>ratione,</span> <span class='ocrx_word' id='word_1_67' title='bbox 1666 1109 1888 1208; x_wconf 77' lang='lat' dir='ltr'>perlibenter</span> <span class='ocrx_word' id='word_1_68' title='bbox 1908 1111 1974 1184; x_wconf 91' lang='lat' dir='ltr'>ob-</span> 
     </span>
     <span class='ocr_line' id='line_1_7' title="bbox 86 1229 1974 1333; baseline -0.005 -14"><span class='ocrx_word' id='word_1_69' title='bbox 86 1240 308 1319; x_wconf 80' lang='lat' dir='ltr'>secundasse</span> <span class='ocrx_word' id='word_1_70' title='bbox 332 1238 465 1315; x_wconf 81' lang='lat' dir='ltr'>ludaei</span> <span class='ocrx_word' id='word_1_71' title='bbox 495 1261 589 1326; x_wconf 89' lang='lat' dir='ltr'>rem,</span> <span class='ocrx_word' id='word_1_72' title='bbox 626 1247 667 1311; x_wconf 91' lang='lat' dir='ltr'>ut</span> <span class='ocrx_word' id='word_1_73' title='bbox 694 1234 947 1333; x_wconf 87' lang='lat' dir='ltr'>perficeretur,</span> <span class='ocrx_word' id='word_1_74' title='bbox 985 1232 1082 1308; x_wconf 91' lang='lat' dir='ltr'>omni</span> <span class='ocrx_word' id='word_1_75' title='bbox 1107 1231 1214 1306; x_wconf 90' lang='lat' dir='ltr'>modo</span> <span class='ocrx_word' id='word_1_76' title='bbox 1240 1229 1320 1306; x_wconf 88' lang='lat' dir='ltr'>eive</span> <span class='ocrx_word' id='word_1_77' title='bbox 1343 1232 1412 1306; x_wconf 88' lang='lat' dir='ltr'>snb</span> <span class='ocrx_word' id='word_1_78' title='bbox 1444 1244 1617 1330; x_wconf 88' lang='lat' dir='ltr'>utroque,</span> <span class='ocrx_word' id='word_1_79' title='bbox 1642 1243 1742 1307; x_wconf 89' lang='lat' dir='ltr'>certe</span> <span class='ocrx_word' id='word_1_80' title='bbox 1765 1233 1833 1309; x_wconf 89' lang='lat' dir='ltr'>sub</span> <span class='ocrx_word' id='word_1_81' title='bbox 1860 1231 1974 1331; x_wconf 82' lang='lat' dir='ltr'>prima</span> 
     </span>
     <span class='ocr_line' id='line_1_8' title="bbox 90 1354 1973 1455; baseline -0.004 -13"><span class='ocrx_word' id='word_1_82' title='bbox 90 1365 298 1447; x_wconf 84' lang='lat' dir='ltr'>Ptolemaeo</span> <span class='ocrx_word' id='word_1_83' title='bbox 322 1361 507 1437; x_wconf 76' lang='lat' dir='ltr'>curavisse</span> <span class='ocrx_word' id='word_1_84' title='bbox 535 1357 753 1433; x_wconf 81' lang='lat' dir='ltr'>Demetrius.</span> <span class='ocrx_word' id='word_1_85' title='bbox 814 1355 913 1455; x_wconf 80' lang='lat' dir='ltr'>Quid</span> <span class='ocrx_word' id='word_1_86' title='bbox 947 1355 1040 1430; x_wconf 91' lang='lat' dir='ltr'>enim</span> <span class='ocrx_word' id='word_1_87' title='bbox 1074 1354 1315 1455; x_wconf 71' lang='lat' dir='ltr'>probabilius,</span> <span class='ocrx_word' id='word_1_88' title='bbox 1349 1357 1455 1454; x_wconf 89' lang='lat' dir='ltr'>quam</span> <span class='ocrx_word' id='word_1_89' title='bbox 1488 1355 1649 1453; x_wconf 88' lang='lat' dir='ltr'>undique</span> <span class='ocrx_word' id='word_1_90' title='bbox 1675 1355 1783 1431; x_wconf 85' lang='lat' dir='ltr'>libros</span> <span class='ocrx_word' id='word_1_91' title='bbox 1809 1357 1844 1432; x_wconf 93' lang='lat' dir='ltr'>in</span> <span class='ocrx_word' id='word_1_92' title='bbox 1871 1380 1973 1435; x_wconf 80' lang='lat' dir='ltr'>suam</span> 
     </span>
     <span class='ocr_line' id='line_1_9' title="bbox 88 1478 1973 1586; baseline -0.003 -22"><span class='ocrx_word' id='word_1_93' title='bbox 88 1483 590 1586; x_wconf 88' lang='lat' dir='ltr'>conquirentibibliethecam</span> <span class='ocrx_word' id='word_1_94' title='bbox 624 1480 700 1579; x_wconf 86' lang='lat' dir='ltr'>regi</span> <span class='ocrx_word' id='word_1_95' title='bbox 733 1480 895 1578; x_wconf 81' lang='lat' dir='ltr'>hagidaa</span> <span class='ocrx_word' id='word_1_96' title='bbox 927 1479 1154 1555; x_wconf 81' lang='lat' dir='ltr'>liemetrinm</span> <span class='ocrx_word' id='word_1_97' title='bbox 1189 1478 1302 1555; x_wconf 86' lang='lat' dir='ltr'>luisse</span> <span class='ocrx_word' id='word_1_98' title='bbox 1335 1503 1537 1572; x_wconf 86' lang='lat' dir='ltr'>suasorem,</span> <span class='ocrx_word' id='word_1_99' title='bbox 1572 1493 1614 1555; x_wconf 89' lang='lat' dir='ltr'>nt</span> <span class='ocrx_word' id='word_1_100' title='bbox 1649 1479 1745 1578; x_wconf 90' lang='lat' dir='ltr'>leges</span> <span class='ocrx_word' id='word_1_101' title='bbox 1771 1480 1879 1556; x_wconf 90' lang='lat' dir='ltr'>etiam</span> <span class='ocrx_word' id='word_1_102' title='bbox 1904 1481 1973 1558; x_wconf 79' lang='lat' dir='ltr'>dst-</span> 
     </span>
     <span class='ocr_line' id='line_1_10' title="bbox 88 1602 1974 1705; baseline -0.002 -21"><span class='ocrx_word' id='word_1_103' title='bbox 88 1610 262 1684; x_wconf 89' lang='lat' dir='ltr'>daeoratn</span> <span class='ocrx_word' id='word_1_104' title='bbox 288 1607 357 1685; x_wconf 88' lang='lat' dir='ltr'>sibi</span> <span class='ocrx_word' id='word_1_105' title='bbox 383 1629 515 1705; x_wconf 83' lang='lat' dir='ltr'>graeca</span> <span class='ocrx_word' id='word_1_106' title='bbox 535 1617 682 1680; x_wconf 89' lang='lat' dir='ltr'>curaret</span> <span class='ocrx_word' id='word_1_107' title='bbox 705 1603 881 1697; x_wconf 76' lang='lat' dir='ltr'>converti,</span> <span class='ocrx_word' id='word_1_108' title='bbox 907 1602 1121 1704; x_wconf 89' lang='lat' dir='ltr'>praesertim</span> <span class='ocrx_word' id='word_1_109' title='bbox 1153 1627 1263 1701; x_wconf 91' lang='lat' dir='ltr'>qnum</span> <span class='ocrx_word' id='word_1_110' title='bbox 1290 1602 1326 1677; x_wconf 91' lang='lat' dir='ltr'>in</span> <span class='ocrx_word' id='word_1_111' title='bbox 1355 1603 1494 1701; x_wconf 90' lang='lat' dir='ltr'>legibus</span> <span class='ocrx_word' id='word_1_112' title='bbox 1521 1603 1660 1678; x_wconf 85' lang='lat' dir='ltr'>civitati</span> <span class='ocrx_word' id='word_1_113' title='bbox 1686 1603 1887 1679; x_wconf 88' lang='lat' dir='ltr'>scribendis</span> <span class='ocrx_word' id='word_1_114' title='bbox 1911 1628 1974 1681; x_wconf 85' lang='lat' dir='ltr'>oo·</span> 
     </span>
     <span class='ocr_line' id='line_1_11' title="bbox 89 1726 1974 1831; baseline -0.002 -24"><span class='ocrx_word' id='word_1_115' title='bbox 89 1746 243 1831; x_wconf 80' lang='lat' dir='ltr'>capatus</span> <span class='ocrx_word' id='word_1_116' title='bbox 267 1743 363 1806; x_wconf 80' lang='lat' dir='ltr'>erret</span> <span class='ocrx_word' id='word_1_117' title='bbox 387 1752 493 1827; x_wconf 90' lang='lat' dir='ltr'>quam</span> <span class='ocrx_word' id='word_1_118' title='bbox 522 1727 747 1826; x_wconf 82' lang='lat' dir='ltr'>maxime.“¹)</span> <span class='ocrx_word' id='word_1_119' title='bbox 800 1727 905 1801; x_wconf 85' lang='lat' dir='ltr'>Haec</span> <span class='ocrx_word' id='word_1_120' title='bbox 932 1726 1126 1818; x_wconf 83' lang='lat' dir='ltr'>sufficiant,</span> <span class='ocrx_word' id='word_1_121' title='bbox 1153 1750 1271 1825; x_wconf 87' lang='lat' dir='ltr'>neque</span> <span class='ocrx_word' id='word_1_122' title='bbox 1296 1726 1391 1801; x_wconf 89' lang='lat' dir='ltr'>enim</span> <span class='ocrx_word' id='word_1_123' title='bbox 1415 1727 1503 1802; x_wconf 90' lang='lat' dir='ltr'>libet</span> <span class='ocrx_word' id='word_1_124' title='bbox 1528 1727 1575 1801; x_wconf 91' lang='lat' dir='ltr'>de</span> <span class='ocrx_word' id='word_1_125' title='bbox 1597 1727 1666 1800; x_wconf 89' lang='lat' dir='ltr'>bac</span> <span class='ocrx_word' id='word_1_126' title='bbox 1687 1752 1727 1800; x_wconf 92' lang='lat' dir='ltr'>re</span> <span class='ocrx_word' id='word_1_127' title='bbox 1753 1728 1859 1826; x_wconf 91' lang='lat' dir='ltr'>plura</span> <span class='ocrx_word' id='word_1_128' title='bbox 1884 1726 1974 1804; x_wconf 80' lang='lat' dir='ltr'>scri·</span> 
     </span>
    </p>
   </div>
   <div class='ocr_carea' id='block_1_2' title="bbox 87 1848 1977 2567">
    <p class='ocr_par' dir='ltr' id='par_1_2' title="bbox 87 1848 1974 2075">
     <span class='ocr_line' id='line_1_12' title="bbox 89 1848 1974 1952; baseline -0.001 -23"><span class='ocrx_word' id='word_1_129' title='bbox 89 1856 191 1944; x_wconf 89' lang='lat' dir='ltr'>bare,</span> <span class='ocrx_word' id='word_1_130' title='bbox 225 1876 334 1952; x_wconf 81' lang='lat' dir='ltr'>quum</span> <span class='ocrx_word' id='word_1_131' title='bbox 371 1851 573 1927; x_wconf 75' lang='lat' dir='ltr'>versionem</span> <span class='ocrx_word' id='word_1_132' title='bbox 612 1849 727 1944; x_wconf 89' lang='lat' dir='ltr'>illam,</span> <span class='ocrx_word' id='word_1_133' title='bbox 764 1873 870 1948; x_wconf 90' lang='lat' dir='ltr'>quam</span> <span class='ocrx_word' id='word_1_134' title='bbox 899 1865 1031 1925; x_wconf 86' lang='lat' dir='ltr'>vocant</span> <span class='ocrx_word' id='word_1_135' title='bbox 1066 1849 1192 1942; x_wconf 75' lang='lat' dir='ltr'>Lxx,</span> <span class='ocrx_word' id='word_1_136' title='bbox 1226 1876 1248 1925; x_wconf 91' lang='lat' dir='ltr'>a</span> <span class='ocrx_word' id='word_1_137' title='bbox 1284 1851 1492 1925; x_wconf 72' lang='lat' dir='ltr'>Ptolemaeo</span> <span class='ocrx_word' id='word_1_138' title='bbox 1520 1850 1761 1950; x_wconf 75' lang='lat' dir='ltr'>Philadelpho</span> <span class='ocrx_word' id='word_1_139' title='bbox 1788 1848 1974 1928; x_wconf 77' lang='lat' dir='ltr'>ueneat·</span> 
     </span>
     <span class='ocr_line' id='line_1_13' title="bbox 87 1972 1570 2075; baseline -0.001 -24"><span class='ocrx_word' id='word_1_140' title='bbox 87 1987 235 2051; x_wconf 84' lang='lat' dir='ltr'>auctore</span> <span class='ocrx_word' id='word_1_141' title='bbox 259 1975 456 2075; x_wconf 84' lang='lat' dir='ltr'>perlectam</span> <span class='ocrx_word' id='word_1_142' title='bbox 483 1988 593 2073; x_wconf 87' lang='lat' dir='ltr'>atque</span> <span class='ocrx_word' id='word_1_143' title='bbox 618 1976 818 2050; x_wconf 90' lang='lat' dir='ltr'>absolutam</span> <span class='ocrx_word' id='word_1_144' title='bbox 845 1999 928 2050; x_wconf 89' lang='lat' dir='ltr'>esse</span> <span class='ocrx_word' id='word_1_145' title='bbox 953 1972 1154 2057; x_wconf 83' lang='lat' dir='ltr'>satis,mihi</span> <span class='ocrx_word' id='word_1_146' title='bbox 1180 1974 1229 2050; x_wconf 93' lang='lat' dir='ltr'>sit</span> <span class='ocrx_word' id='word_1_147' title='bbox 1254 1975 1494 2071; x_wconf 82' lang='lat' dir='ltr'>exploratum.</span> <span class='ocrx_word' id='word_1_148' title='bbox 1568 2006 1570 2009; x_wconf 94' lang='lat'>·</span> 
     </span>
    </p>

    <p class='ocr_par' dir='ltr' id='par_1_3' title="bbox 88 2095 1977 2567">
     <span class='ocr_line' id='line_1_14' title="bbox 186 2095 1973 2198; baseline -0.001 -23"><span class='ocrx_word' id='word_1_149' title='bbox 186 2099 515 2198; x_wconf 68' lang='lat' dir='ltr'>deturbantque,</span> <span class='ocrx_word' id='word_1_150' title='bbox 541 2111 583 2174; x_wconf 91' lang='lat' dir='ltr'>ut</span> <span class='ocrx_word' id='word_1_151' title='bbox 609 2098 781 2174; x_wconf 88' lang='lat' dir='ltr'>nonnulla</span> <span class='ocrx_word' id='word_1_152' title='bbox 805 2099 988 2172; x_wconf 79' lang='lat' dir='ltr'>addantur</span> <span class='ocrx_word' id='word_1_153' title='bbox 1013 2097 1059 2170; x_wconf 89' lang='lat' dir='ltr'>do</span> <span class='ocrx_word' id='word_1_154' title='bbox 1085 2096 1259 2173; x_wconf 82' lang='lat' dir='ltr'>Demetrii</span> <span class='ocrx_word' id='word_1_155' title='bbox 1285 2099 1359 2173; x_wconf 81' lang='lat' dir='ltr'>sita</span> <span class='ocrx_word' id='word_1_156' title='bbox 1385 2097 1422 2172; x_wconf 91' lang='lat' dir='ltr'>in</span> <span class='ocrx_word' id='word_1_157' title='bbox 1454 2102 1625 2197; x_wconf 74' lang='lat' dir='ltr'>Aegypto</span> <span class='ocrx_word' id='word_1_158' title='bbox 1650 2098 1708 2172; x_wconf 84' lang='lat' dir='ltr'>rel</span> <span class='ocrx_word' id='word_1_159' title='bbox 1734 2095 1831 2196; x_wconf 91' lang='lat' dir='ltr'>apud</span> <span class='ocrx_word' id='word_1_160' title='bbox 1857 2110 1973 2196; x_wconf 50' lang='lat' dir='ltr'>reget</span> 
     </span>
     <span class='ocr_line' id='line_1_15' title="bbox 88 2219 1975 2320; baseline 0.001 -24"><span class='ocrx_word' id='word_1_161' title='bbox 88 2245 240 2320; x_wconf 89' lang='lat' dir='ltr'>quorum</span> <span class='ocrx_word' id='word_1_162' title='bbox 270 2222 385 2317; x_wconf 91' lang='lat' dir='ltr'>gratia</span> <span class='ocrx_word' id='word_1_163' title='bbox 419 2245 501 2294; x_wconf 91' lang='lat' dir='ltr'>eum</span> <span class='ocrx_word' id='word_1_164' title='bbox 535 2220 727 2316; x_wconf 87' lang='lat' dir='ltr'>plurimum</span> <span class='ocrx_word' id='word_1_165' title='bbox 762 2220 919 2305; x_wconf 73' lang='lat' dir='ltr'>saluisse</span> <span class='ocrx_word' id='word_1_166' title='bbox 952 2219 1128 2309; x_wconf 83' lang='lat' dir='ltr'>vidimus,</span> <span class='ocrx_word' id='word_1_167' title='bbox 1164 2222 1221 2293; x_wconf 87' lang='lat' dir='ltr'>vel</span> <span class='ocrx_word' id='word_1_168' title='bbox 1255 2222 1291 2296; x_wconf 91' lang='lat' dir='ltr'>in</span> <span class='ocrx_word' id='word_1_169' title='bbox 1326 2221 1456 2295; x_wconf 82' lang='lat' dir='ltr'>exsilio</span> <span class='ocrx_word' id='word_1_170' title='bbox 1490 2234 1686 2310; x_wconf 84' lang='lat' dir='ltr'>transacta,</span> <span class='ocrx_word' id='word_1_171' title='bbox 1722 2219 1975 2320; x_wconf 72' lang='lat' dir='ltr'>postquami!</span> 
     </span>
     <span class='ocr_line' id='line_1_16' title="bbox 90 2339 1977 2440; baseline 0.002 -21"><span class='ocrx_word' id='word_1_172' title='bbox 90 2340 288 2419; x_wconf 84' lang='lat' dir='ltr'>Ptolemaei</span> <span class='ocrx_word' id='word_1_173' title='bbox 309 2340 538 2440; x_wconf 89' lang='lat' dir='ltr'>Philadelphi</span> <span class='ocrx_word' id='word_1_174' title='bbox 559 2342 654 2440; x_wconf 88' lang='lat' dir='ltr'>regis</span> <span class='ocrx_word' id='word_1_175' title='bbox 673 2339 909 2416; x_wconf 81' lang='lat' dir='ltr'>offensionem</span> <span class='ocrx_word' id='word_1_176' title='bbox 936 2339 1094 2414; x_wconf 83' lang='lat' dir='ltr'>incurrit.</span> <span class='ocrx_word' id='word_1_177' title='bbox 1147 2340 1227 2417; x_wconf 84' lang='lat' dir='ltr'>Non</span> <span class='ocrx_word' id='word_1_178' title='bbox 1250 2353 1430 2440; x_wconf 88' lang='lat' dir='ltr'>perpetua</span> <span class='ocrx_word' id='word_1_179' title='bbox 1448 2342 1623 2419; x_wconf 83' lang='lat' dir='ltr'>Demetrii</span> <span class='ocrx_word' id='word_1_180' title='bbox 1653 2344 1818 2418; x_wconf 86' lang='lat' dir='ltr'>Phalerei</span> <span class='ocrx_word' id='word_1_181' title='bbox 1845 2341 1977 2422; x_wconf 76' lang='lat' dir='ltr'>mansit</span> 
     </span>
     <span class='ocr_line' id='line_1_17' title="bbox 89 2463 1976 2567; baseline 0.002 -25"><span class='ocrx_word' id='word_1_182' title='bbox 89 2467 232 2543; x_wconf 89' lang='lat' dir='ltr'>iortuna</span> <span class='ocrx_word' id='word_1_183' title='bbox 256 2465 293 2540; x_wconf 92' lang='lat' dir='ltr'>in</span> <span class='ocrx_word' id='word_1_184' title='bbox 328 2467 510 2565; x_wconf 79' lang='lat' dir='ltr'>Aegypto.</span> <span class='ocrx_word' id='word_1_185' title='bbox 577 2464 737 2539; x_wconf 89' lang='lat' dir='ltr'>Primum</span> <span class='ocrx_word' id='word_1_186' title='bbox 773 2463 867 2539; x_wconf 90' lang='lat' dir='ltr'>enim</span> <span class='ocrx_word' id='word_1_187' title='bbox 899 2466 1084 2540; x_wconf 87' lang='lat' dir='ltr'>oculorum</span> <span class='ocrx_word' id='word_1_188' title='bbox 1112 2464 1247 2539; x_wconf 88' lang='lat' dir='ltr'>lumina</span> <span class='ocrx_word' id='word_1_189' title='bbox 1273 2465 1491 2563; x_wconf 86' lang='lat' dir='ltr'>aliquamdiu</span> <span class='ocrx_word' id='word_1_190' title='bbox 1519 2489 1601 2540; x_wconf 88' lang='lat' dir='ltr'>eum</span> <span class='ocrx_word' id='word_1_191' title='bbox 1629 2465 1791 2542; x_wconf 89' lang='lat' dir='ltr'>amisisse</span> <span class='ocrx_word' id='word_1_192' title='bbox 1824 2465 1976 2567; x_wconf 80' lang='lat' dir='ltr'>legiam</span> 
     </span>
    </p>
   </div>
   <div class='ocr_carea' id='block_1_3' title="bbox 88 2586 1977 2939">
    <p class='ocr_par' dir='ltr' id='par_1_4' title="bbox 88 2586 1977 2939">
     <span class='ocr_line' id='line_1_18' title="bbox 88 2586 1977 2687; baseline 0.003 -24"><span class='ocrx_word' id='word_1_193' title='bbox 88 2590 196 2686; x_wconf 90' lang='lat' dir='ltr'>upud.</span> <span class='ocrx_word' id='word_1_194' title='bbox 225 2589 327 2687; x_wconf 76' lang='lat' dir='ltr'>iiieg</span> <span class='ocrx_word' id='word_1_195' title='bbox 353 2588 539 2663; x_wconf 70' lang='lat' dir='ltr'>bebelium</span> <span class='ocrx_word' id='word_1_196' title='bbox 567 2586 607 2660; x_wconf 80' lang='lat' dir='ltr'>V.</span> <span class='ocrx_word' id='word_1_197' title='bbox 636 2592 669 2661; x_wconf 80' lang='lat' dir='ltr'>b.</span> <span class='ocrx_word' id='word_1_198' title='bbox 696 2589 793 2680; x_wconf 80' lang='lat' dir='ltr'>id.²)</span> <span class='ocrx_word' id='word_1_199' title='bbox 844 2590 998 2664; x_wconf 80' lang='lat' dir='ltr'>Causam</span> <span class='ocrx_word' id='word_1_200' title='bbox 1033 2589 1147 2665; x_wconf 89' lang='lat' dir='ltr'>morbi</span> <span class='ocrx_word' id='word_1_201' title='bbox 1181 2589 1428 2687; x_wconf 79' lang='lat' dir='ltr'>ignorantibus</span> <span class='ocrx_word' id='word_1_202' title='bbox 1463 2590 1657 2665; x_wconf 83' lang='lat' dir='ltr'>verisimile</span> <span class='ocrx_word' id='word_1_203' title='bbox 1692 2590 1854 2682; x_wconf 89' lang='lat' dir='ltr'>videtur,</span> <span class='ocrx_word' id='word_1_204' title='bbox 1882 2615 1977 2685; x_wconf 91' lang='lat' dir='ltr'>eum,</span> 
     </span>
     <span class='ocr_line' id='line_1_19' title="bbox 88 2712 1977 2813; baseline 0.003 -28"><span class='ocrx_word' id='word_1_205' title='bbox 88 2734 198 2809; x_wconf 86' lang='lat' dir='ltr'>quum</span> <span class='ocrx_word' id='word_1_206' title='bbox 224 2723 343 2788; x_wconf 79' lang='lat' dir='ltr'>adrem</span> <span class='ocrx_word' id='word_1_207' title='bbox 360 2712 515 2787; x_wconf 88' lang='lat' dir='ltr'>calidum</span> <span class='ocrx_word' id='word_1_208' title='bbox 538 2713 721 2788; x_wconf 83' lang='lat' dir='ltr'>sustinere</span> <span class='ocrx_word' id='word_1_209' title='bbox 746 2736 816 2788; x_wconf 91' lang='lat' dir='ltr'>non</span> <span class='ocrx_word' id='word_1_210' title='bbox 836 2712 1027 2812; x_wconf 85' lang='lat' dir='ltr'>potuisset,</span> <span class='ocrx_word' id='word_1_211' title='bbox 1053 2712 1169 2788; x_wconf 85' lang='lat' dir='ltr'>oculis</span> <span class='ocrx_word' id='word_1_212' title='bbox 1196 2726 1343 2812; x_wconf 90' lang='lat' dir='ltr'>captum</span> <span class='ocrx_word' id='word_1_213' title='bbox 1370 2738 1474 2804; x_wconf 84' lang='lat' dir='ltr'>esse3</span> <span class='ocrx_word' id='word_1_214' title='bbox 1502 2715 1568 2788; x_wconf 91' lang='lat' dir='ltr'>sed</span> <span class='ocrx_word' id='word_1_215' title='bbox 1597 2738 1831 2813; x_wconf 86' lang='lat' dir='ltr'>recuperasse</span> <span class='ocrx_word' id='word_1_216' title='bbox 1856 2726 1977 2792; x_wconf 88' lang='lat' dir='ltr'>tamen</span> 
     </span>
     <span class='ocr_line' id='line_1_20' title="bbox 88 2834 1977 2939; baseline 0.005 -31"><span class='ocrx_word' id='word_1_217' title='bbox 88 2834 273 2909; x_wconf 89' lang='lat' dir='ltr'>oculorum</span> <span class='ocrx_word' id='word_1_218' title='bbox 299 2835 411 2909; x_wconf 81' lang='lat' dir='ltr'>aciem</span> <span class='ocrx_word' id='word_1_219' title='bbox 440 2836 662 2910; x_wconf 80' lang='lat' dir='ltr'>Demetrium</span> <span class='ocrx_word' id='word_1_220' title='bbox 691 2834 925 2928; x_wconf 90' lang='lat' dir='ltr'>Phalereum‚</span> <span class='ocrx_word' id='word_1_221' title='bbox 956 2862 976 2912; x_wconf 91' lang='lat' dir='ltr'>a</span> <span class='ocrx_word' id='word_1_222' title='bbox 1003 2836 1219 2936; x_wconf 83' lang='lat' dir='ltr'>Serapide⁸)</span> <span class='ocrx_word' id='word_1_223' title='bbox 1244 2839 1329 2929; x_wconf 91' lang='lat' dir='ltr'>deo,</span> <span class='ocrx_word' id='word_1_224' title='bbox 1357 2848 1398 2912; x_wconf 90' lang='lat' dir='ltr'>ut</span> <span class='ocrx_word' id='word_1_225' title='bbox 1421 2837 1565 2930; x_wconf 90' lang='lat' dir='ltr'>dicunt,</span> <span class='ocrx_word' id='word_1_226' title='bbox 1590 2853 1767 2931; x_wconf 86' lang='lat' dir='ltr'>sanatum,</span> <span class='ocrx_word' id='word_1_227' title='bbox 1795 2838 1977 2939; x_wconf 76' lang='lat' dir='ltr'>Diogenes</span> 
     </span>
    </p>
   </div>
   <div class='ocr_carea' id='block_1_4' title="bbox 133 3007 1978 3962">
    <p class='ocr_par' dir='ltr' id='par_1_5' title="bbox 133 3007 1978 3962">
     <span class='ocr_line' id='line_1_21' title="bbox 133 3007 1978 3098; baseline 0.004 -23"><span class='ocrx_word' id='word_1_228' title='bbox 133 3007 159 3082; x_wconf 83' lang='lat'>¹)</span> <span class='ocrx_word' id='word_1_229' title='bbox 181 3011 317 3092; x_wconf 85' lang='lat' dir='ltr'>Longum</span> <span class='ocrx_word' id='word_1_230' title='bbox 338 3019 385 3075; x_wconf 90' lang='lat' dir='ltr'>est</span> <span class='ocrx_word' id='word_1_231' title='bbox 406 3011 454 3076; x_wconf 92' lang='lat' dir='ltr'>illa</span> <span class='ocrx_word' id='word_1_232' title='bbox 475 3015 574 3079; x_wconf 83' lang='lat' dir='ltr'>omnia</span> <span class='ocrx_word' id='word_1_233' title='bbox 596 3010 744 3095; x_wconf 85' lang='lat' dir='ltr'>prolerre,</span> <span class='ocrx_word' id='word_1_234' title='bbox 772 3031 840 3094; x_wconf 78' lang='lat' dir='ltr'>qua</span> <span class='ocrx_word' id='word_1_235' title='bbox 861 3014 977 3078; x_wconf 75' lang='lat' dir='ltr'>drbtaei</span> <span class='ocrx_word' id='word_1_236' title='bbox 1000 3017 1159 3080; x_wconf 81' lang='lat' dir='ltr'>nanadoui</span> <span class='ocrx_word' id='word_1_237' title='bbox 1180 3023 1387 3098; x_wconf 88' lang='lat' dir='ltr'>opponuntur,</span> <span class='ocrx_word' id='word_1_238' title='bbox 1419 3035 1510 3098; x_wconf 88' lang='lat' dir='ltr'>quum</span> <span class='ocrx_word' id='word_1_239' title='bbox 1530 3018 1705 3098; x_wconf 90' lang='lat' dir='ltr'>praesertim</span> <span class='ocrx_word' id='word_1_240' title='bbox 1729 3037 1763 3081; x_wconf 93' lang='lat' dir='ltr'>ea</span> <span class='ocrx_word' id='word_1_241' title='bbox 1786 3017 1926 3083; x_wconf 76' lang='lat' dir='ltr'>refellere</span> <span class='ocrx_word' id='word_1_242' title='bbox 1946 3026 1978 3083; x_wconf 89' lang='lat' dir='ltr'>et</span> 
     </span>
     <span class='ocr_line' id='line_1_22' title="bbox 186 3104 1976 3205; baseline 0.002 -21"><span class='ocrx_word' id='word_1_243' title='bbox 186 3119 372 3201; x_wconf 70' lang='lat' dir='ltr'>redarguere</span> <span class='ocrx_word' id='word_1_244' title='bbox 390 3119 499 3184; x_wconf 91' lang='lat' dir='ltr'>nullius</span> <span class='ocrx_word' id='word_1_245' title='bbox 520 3123 561 3184; x_wconf 89' lang='lat' dir='ltr'>ait</span> <span class='ocrx_word' id='word_1_246' title='bbox 590 3121 711 3202; x_wconf 88' lang='lat' dir='ltr'>negotii.</span> <span class='ocrx_word' id='word_1_247' title='bbox 764 3121 925 3185; x_wconf 84' lang='lat' dir='ltr'>Wowerus</span> <span class='ocrx_word' id='word_1_248' title='bbox 948 3104 966 3183; x_wconf 88' lang='lat' dir='ltr'>l.</span> <span class='ocrx_word' id='word_1_249' title='bbox 989 3121 1018 3200; x_wconf 90' lang='lat' dir='ltr'>l.‚</span> <span class='ocrx_word' id='word_1_250' title='bbox 1041 3126 1160 3186; x_wconf 90' lang='lat' dir='ltr'>omnino</span> <span class='ocrx_word' id='word_1_251' title='bbox 1188 3125 1311 3189; x_wconf 81' lang='lat' dir='ltr'>infirmia</span> <span class='ocrx_word' id='word_1_252' title='bbox 1336 3126 1523 3205; x_wconf 82' lang='lat' dir='ltr'>argumentis</span> <span class='ocrx_word' id='word_1_253' title='bbox 1551 3125 1650 3200; x_wconf 88' lang='lat' dir='ltr'>nisus,</span> <span class='ocrx_word' id='word_1_254' title='bbox 1679 3124 1719 3187; x_wconf 92' lang='lat' dir='ltr'>ad</span> <span class='ocrx_word' id='word_1_255' title='bbox 1740 3125 1866 3188; x_wconf 80' lang='lat' dir='ltr'>Aristaeo</span> <span class='ocrx_word' id='word_1_256' title='bbox 1888 3124 1976 3188; x_wconf 87' lang='lat' dir='ltr'>iidem</span> 
     </span>
     <span class='ocr_line' id='line_1_23' title="bbox 188 3227 1977 3314; baseline 0.002 -22"><span class='ocrx_word' id='word_1_257' title='bbox 188 3228 390 3308; x_wconf 86' lang='lat' dir='ltr'>abrogandam</span> <span class='ocrx_word' id='word_1_258' title='bbox 412 3230 451 3291; x_wconf 91' lang='lat' dir='ltr'>ita</span> <span class='ocrx_word' id='word_1_259' title='bbox 474 3229 560 3292; x_wconf 86' lang='lat' dir='ltr'>dicit:</span> <span class='ocrx_word' id='word_1_260' title='bbox 592 3227 747 3299; x_wconf 81' lang='lat' dir='ltr'>„Ridicule</span> <span class='ocrx_word' id='word_1_261' title='bbox 768 3247 841 3292; x_wconf 81' lang='lat' dir='ltr'>reru</span> <span class='ocrx_word' id='word_1_262' title='bbox 863 3249 966 3311; x_wconf 91' lang='lat' dir='ltr'>regem</span> <span class='ocrx_word' id='word_1_263' title='bbox 988 3238 1162 3312; x_wconf 79' lang='lat' dir='ltr'>presentem</span> <span class='ocrx_word' id='word_1_264' title='bbox 1186 3252 1239 3314; x_wconf 92' lang='lat' dir='ltr'>per</span> <span class='ocrx_word' id='word_1_265' title='bbox 1261 3233 1416 3313; x_wconf 86' lang='lat' dir='ltr'>epistelam</span> <span class='ocrx_word' id='word_1_266' title='bbox 1440 3232 1601 3312; x_wconf 90' lang='lat' dir='ltr'>alloquitur</span> <span class='ocrx_word' id='word_1_267' title='bbox 1622 3233 1796 3295; x_wconf 88' lang='lat' dir='ltr'>Demetrius.</span> <span class='ocrx_word' id='word_1_268' title='bbox 1826 3233 1863 3295; x_wconf 87' lang='lat' dir='ltr'>Et</span> <span class='ocrx_word' id='word_1_269' title='bbox 1881 3234 1907 3296; x_wconf 90' lang='lat' dir='ltr'>si</span> <span class='ocrx_word' id='word_1_270' title='bbox 1919 3233 1977 3298; x_wconf 90' lang='lat' dir='ltr'>hoc</span> 
     </span>
     <span class='ocr_line' id='line_1_24' title="bbox 187 3320 1976 3421; baseline 0.003 -22"><span class='ocrx_word' id='word_1_271' title='bbox 187 3354 271 3400; x_wconf 89' lang='lat' dir='ltr'>more</span> <span class='ocrx_word' id='word_1_272' title='bbox 289 3336 449 3400; x_wconf 84' lang='lat' dir='ltr'>Ptolemaeo</span> <span class='ocrx_word' id='word_1_273' title='bbox 461 3338 570 3399; x_wconf 89' lang='lat' dir='ltr'>usitato</span> <span class='ocrx_word' id='word_1_274' title='bbox 586 3338 680 3419; x_wconf 90' lang='lat' dir='ltr'>ipsum</span> <span class='ocrx_word' id='word_1_275' title='bbox 704 3320 813 3400; x_wconf 85' lang='lat' dir='ltr'>iecisse</span> <span class='ocrx_word' id='word_1_276' title='bbox 828 3338 1043 3414; x_wconf 87' lang='lat' dir='ltr'>concedamus,</span> <span class='ocrx_word' id='word_1_277' title='bbox 1068 3359 1125 3421; x_wconf 91' lang='lat' dir='ltr'>qua</span> <span class='ocrx_word' id='word_1_278' title='bbox 1143 3357 1258 3421; x_wconf 79' lang='lat' dir='ltr'>quaeso</span> <span class='ocrx_word' id='word_1_279' title='bbox 1274 3345 1389 3408; x_wconf 86' lang='lat' dir='ltr'>ratione</span> <span class='ocrx_word' id='word_1_280' title='bbox 1405 3341 1524 3417; x_wconf 87' lang='lat' dir='ltr'>suadet,</span> <span class='ocrx_word' id='word_1_281' title='bbox 1547 3340 1735 3403; x_wconf 86' lang='lat' dir='ltr'>scribendum</span> <span class='ocrx_word' id='word_1_282' title='bbox 1753 3341 1790 3404; x_wconf 91' lang='lat' dir='ltr'>ad</span> <span class='ocrx_word' id='word_1_283' title='bbox 1805 3341 1976 3405; x_wconf 81' lang='lat' dir='ltr'>laneorum</span> 
     </span>
     <span class='ocr_line' id='line_1_25' title="bbox 188 3437 1976 3526; baseline -0.001 -18"><span class='ocrx_word' id='word_1_284' title='bbox 188 3446 364 3526; x_wconf 84' lang='lat' dir='ltr'>pontificem,</span> <span class='ocrx_word' id='word_1_285' title='bbox 387 3453 419 3507; x_wconf 90' lang='lat' dir='ltr'>ut</span> <span class='ocrx_word' id='word_1_286' title='bbox 440 3447 571 3508; x_wconf 75' lang='lat' dir='ltr'>alitteret</span> <span class='ocrx_word' id='word_1_287' title='bbox 593 3448 728 3508; x_wconf 83' lang='lat' dir='ltr'>seniores</span> <span class='ocrx_word' id='word_1_288' title='bbox 756 3442 904 3521; x_wconf 73' lang='grc' dir='ltr'><strong><em>ἐμπείρους</em></strong></span> <span class='ocrx_word' id='word_1_289' title='bbox 931 3444 991 3520; x_wconf 72' lang='lat' dir='ltr'>asir</span> <span class='ocrx_word' id='word_1_290' title='bbox 1017 3437 1093 3502; x_wconf 73' lang='lat' dir='ltr'>narei</span> <span class='ocrx_word' id='word_1_291' title='bbox 1120 3439 1172 3504; x_wconf 73' lang='lat' dir='ltr'>adv</span> <span class='ocrx_word' id='word_1_292' title='bbox 1199 3439 1285 3520; x_wconf 72' lang='lat' dir='ltr'>vinca</span> <span class='ocrx_word' id='word_1_293' title='bbox 1313 3439 1365 3504; x_wconf 74' lang='lat' dir='ltr'>ela</span> <span class='ocrx_word' id='word_1_294' title='bbox 1390 3445 1502 3504; x_wconf 71' lang='grc' dir='ltr'><strong><em>ἑαυτῶν</em></strong></span> <span class='ocrx_word' id='word_1_295' title='bbox 1522 3441 1576 3523; x_wconf 73' lang='grc' dir='ltr'>ἀφ’</span> <span class='ocrx_word' id='word_1_296' title='bbox 1596 3439 1717 3521; x_wconf 70' lang='grc' dir='ltr'><strong><em>ἑκάστης</em></strong></span> <span class='ocrx_word' id='word_1_297' title='bbox 1745 3443 1837 3524; x_wconf 76' lang='grc' dir='ltr'><strong><em>φυλῆς</em></strong></span> <span class='ocrx_word' id='word_1_298' title='bbox 1859 3439 1897 3517; x_wconf 74' lang='grc' dir='ltr'>ἕξ</span> <span class='ocrx_word' id='word_1_299' title='bbox 1916 3444 1976 3507; x_wconf 80' lang='lat' dir='ltr'>ast.</span> 
     </span>
     <span class='ocr_line' id='line_1_26' title="bbox 187 3553 1976 3638; baseline 0.003 -23"><span class='ocrx_word' id='word_1_300' title='bbox 187 3553 257 3616; x_wconf 82' lang='lat' dir='ltr'>ileo</span> <span class='ocrx_word' id='word_1_301' title='bbox 276 3556 380 3618; x_wconf 88' lang='lat' dir='ltr'>scribit</span> <span class='ocrx_word' id='word_1_302' title='bbox 393 3556 561 3617; x_wconf 87' lang='lat' dir='ltr'>llemetrius</span> <span class='ocrx_word' id='word_1_303' title='bbox 584 3553 735 3634; x_wconf 79' lang='lat' dir='ltr'>inperitus</span> <span class='ocrx_word' id='word_1_304' title='bbox 759 3557 878 3618; x_wconf 82' lang='lat' dir='ltr'>orrtnino</span> <span class='ocrx_word' id='word_1_305' title='bbox 898 3558 1005 3618; x_wconf 87' lang='lat' dir='ltr'>rituum</span> <span class='ocrx_word' id='word_1_306' title='bbox 1027 3555 1227 3632; x_wconf 88' lang='lat' dir='ltr'>ludaicernm,</span> <span class='ocrx_word' id='word_1_307' title='bbox 1248 3574 1337 3618; x_wconf 89' lang='lat' dir='ltr'>senes</span> <span class='ocrx_word' id='word_1_308' title='bbox 1360 3575 1400 3618; x_wconf 81' lang='lat' dir='ltr'>ex</span> <span class='ocrx_word' id='word_1_309' title='bbox 1421 3555 1548 3638; x_wconf 90' lang='lat' dir='ltr'>singulis</span> <span class='ocrx_word' id='word_1_310' title='bbox 1570 3557 1703 3620; x_wconf 88' lang='lat' dir='ltr'>tribubus</span> <span class='ocrx_word' id='word_1_311' title='bbox 1726 3575 1796 3620; x_wconf 88' lang='lat' dir='ltr'>esse</span> <span class='ocrx_word' id='word_1_312' title='bbox 1820 3558 1976 3638; x_wconf 88' lang='lat' dir='ltr'>petendos,</span> 
     </span>
     <span class='ocr_line' id='line_1_27' title="bbox 186 3661 1976 3746; baseline 0.003 -24"><span class='ocrx_word' id='word_1_313' title='bbox 186 3668 219 3723; x_wconf 89' lang='lat' dir='ltr'>nt</span> <span class='ocrx_word' id='word_1_314' title='bbox 245 3663 274 3724; x_wconf 92' lang='lat' dir='ltr'>in</span> <span class='ocrx_word' id='word_1_315' title='bbox 308 3670 387 3725; x_wconf 90' lang='lat' dir='ltr'>tanta</span> <span class='ocrx_word' id='word_1_316' title='bbox 409 3664 602 3744; x_wconf 89' lang='lat' dir='ltr'>interpretum</span> <span class='ocrx_word' id='word_1_317' title='bbox 625 3661 813 3724; x_wconf 88' lang='lat' dir='ltr'>mullitudine</span> <span class='ocrx_word' id='word_1_318' title='bbox 834 3663 905 3725; x_wconf 91' lang='lat' dir='ltr'>illud</span> <span class='ocrx_word' id='word_1_319' title='bbox 929 3663 1128 3746; x_wconf 76' lang='lat' dir='ltr'>praeferrent,</span> <span class='ocrx_word' id='word_1_320' title='bbox 1158 3663 1187 3727; x_wconf 88' lang='lat' dir='ltr'>in</span> <span class='ocrx_word' id='word_1_321' title='bbox 1211 3679 1271 3744; x_wconf 91' lang='lat' dir='ltr'>quo</span> <span class='ocrx_word' id='word_1_322' title='bbox 1294 3665 1536 3726; x_wconf 82' lang='lat' dir='ltr'>consensissent“</span> <span class='ocrx_word' id='word_1_323' title='bbox 1560 3672 1617 3726; x_wconf 88' lang='lat' dir='ltr'>etc.</span> <span class='ocrx_word' id='word_1_324' title='bbox 1661 3665 1795 3746; x_wconf 88' lang='lat' dir='ltr'>ineptum</span> <span class='ocrx_word' id='word_1_325' title='bbox 1822 3683 1896 3730; x_wconf 80' lang='lat' dir='ltr'>uero</span> <span class='ocrx_word' id='word_1_326' title='bbox 1916 3682 1976 3729; x_wconf 91' lang='lat' dir='ltr'>non</span> 
     </span>
     <span class='ocr_line' id='line_1_28' title="bbox 187 3768 1977 3853; baseline 0.004 -23"><span class='ocrx_word' id='word_1_327' title='bbox 187 3784 270 3846; x_wconf 87' lang='lat' dir='ltr'>asse,</span> <span class='ocrx_word' id='word_1_328' title='bbox 293 3769 373 3849; x_wconf 90' lang='lat' dir='ltr'>qnod</span> <span class='ocrx_word' id='word_1_329' title='bbox 396 3772 562 3834; x_wconf 85' lang='lat' dir='ltr'>Demetrius</span> <span class='ocrx_word' id='word_1_330' title='bbox 582 3789 688 3853; x_wconf 89' lang='lat' dir='ltr'>regem</span> <span class='ocrx_word' id='word_1_331' title='bbox 715 3777 893 3852; x_wconf 83' lang='lat' dir='ltr'>presentem</span> <span class='ocrx_word' id='word_1_332' title='bbox 916 3791 969 3853; x_wconf 88' lang='lat' dir='ltr'>per</span> <span class='ocrx_word' id='word_1_333' title='bbox 991 3771 1145 3853; x_wconf 87' lang='lat' dir='ltr'>epistolam</span> <span class='ocrx_word' id='word_1_334' title='bbox 1167 3771 1268 3845; x_wconf 84' lang='lat' dir='ltr'>adeat,</span> <span class='ocrx_word' id='word_1_335' title='bbox 1299 3771 1452 3852; x_wconf 88' lang='lat' dir='ltr'>colloquio</span> <span class='ocrx_word' id='word_1_336' title='bbox 1474 3786 1541 3834; x_wconf 80' lang='lat' dir='ltr'>eram</span> <span class='ocrx_word' id='word_1_337' title='bbox 1564 3771 1724 3835; x_wconf 80' lang='lat' dir='ltr'>Ptolemae</span> <span class='ocrx_word' id='word_1_338' title='bbox 1746 3789 1823 3853; x_wconf 89' lang='lat' dir='ltr'>roga</span> <span class='ocrx_word' id='word_1_339' title='bbox 1843 3768 1883 3836; x_wconf 86' lang='lat' dir='ltr'>d&#39;a</span> <span class='ocrx_word' id='word_1_340' title='bbox 1904 3791 1977 3837; x_wconf 85' lang='lat' dir='ltr'>rer-</span> 
     </span>
     <span class='ocr_line' id='line_1_29' title="bbox 188 3852 1977 3962; baseline 0.003 -25"><span class='ocrx_word' id='word_1_341' title='bbox 188 3875 288 3939; x_wconf 90' lang='lat' dir='ltr'>tendis</span> <span class='ocrx_word' id='word_1_342' title='bbox 309 3877 404 3938; x_wconf 87' lang='lat' dir='ltr'>sacris</span> <span class='ocrx_word' id='word_1_343' title='bbox 424 3877 604 3941; x_wconf 84' lang='lat' dir='ltr'>ludaeorum</span> <span class='ocrx_word' id='word_1_344' title='bbox 628 3852 709 3941; x_wconf 75' lang='lat' dir='ltr'>litabis</span> <span class='ocrx_word' id='word_1_345' title='bbox 734 3879 842 3955; x_wconf 89' lang='lat' dir='ltr'>habito,</span> <span class='ocrx_word' id='word_1_346' title='bbox 864 3881 937 3942; x_wconf 85' lang='lat' dir='ltr'>salis</span> <span class='ocrx_word' id='word_1_347' title='bbox 958 3887 1081 3961; x_wconf 87' lang='lat' dir='ltr'>apparet</span> <span class='ocrx_word' id='word_1_348' title='bbox 1102 3897 1141 3941; x_wconf 85' lang='lat' dir='ltr'>ex</span> <span class='ocrx_word' id='word_1_349' title='bbox 1163 3881 1198 3942; x_wconf 93' lang='lat' dir='ltr'>iis</span> <span class='ocrx_word' id='word_1_350' title='bbox 1219 3878 1311 3956; x_wconf 88' lang='lat' dir='ltr'>locis,</span> <span class='ocrx_word' id='word_1_351' title='bbox 1339 3897 1418 3962; x_wconf 89' lang='lat' dir='ltr'>quos</span> <span class='ocrx_word' id='word_1_352' title='bbox 1440 3879 1525 3944; x_wconf 83' lang='lat' dir='ltr'>alleri</span> <span class='ocrx_word' id='word_1_353' title='bbox 1547 3879 1582 3943; x_wconf 88' lang='lat' dir='ltr'>ll.</span> <span class='ocrx_word' id='word_1_354' title='bbox 1606 3879 1718 3942; x_wconf 87' lang='lat' dir='ltr'>lindius</span> <span class='ocrx_word' id='word_1_355' title='bbox 1739 3879 1778 3943; x_wconf 89' lang='lat' dir='ltr'>de</span> <span class='ocrx_word' id='word_1_356' title='bbox 1798 3878 1868 3943; x_wconf 83' lang='lat' dir='ltr'>bibl.</span> <span class='ocrx_word' id='word_1_357' title='bbox 1890 3884 1977 3945; x_wconf 83' lang='lat' dir='ltr'>textu</span> 
     </span>
    </p>
   </div>
   <div class='ocr_carea' id='block_1_5' title="bbox 132 3983 1977 4278">
    <p class='ocr_par' dir='ltr' id='par_1_6' title="bbox 132 3983 1977 4278">
     <span class='ocr_line' id='line_1_30' title="bbox 188 3983 1975 4071; baseline 0.005 -25"><span class='ocrx_word' id='word_1_358' title='bbox 188 3985 296 4064; x_wconf 88' lang='lat' dir='ltr'>origin.</span> <span class='ocrx_word' id='word_1_359' title='bbox 319 4002 347 4064; x_wconf 89' lang='lat' dir='ltr'>p.</span> <span class='ocrx_word' id='word_1_360' title='bbox 372 3983 422 4046; x_wconf 82' lang='lat'>65.</span> <span class='ocrx_word' id='word_1_361' title='bbox 453 4012 497 4027; x_wconf 84' lang='lat'><em>-</em></span> <span class='ocrx_word' id='word_1_362' title='bbox 530 3985 611 4047; x_wconf 84' lang='lat' dir='ltr'>ilaue</span> <span class='ocrx_word' id='word_1_363' title='bbox 633 4006 695 4051; x_wconf 91' lang='lat' dir='ltr'>rem</span> <span class='ocrx_word' id='word_1_364' title='bbox 718 3986 811 4049; x_wconf 90' lang='lat' dir='ltr'>multo</span> <span class='ocrx_word' id='word_1_365' title='bbox 841 3990 992 4068; x_wconf 84' lang='lat' dir='ltr'>copiosius</span> <span class='ocrx_word' id='word_1_366' title='bbox 1014 4006 1168 4071; x_wconf 78' lang='lat' dir='ltr'>exponere</span> <span class='ocrx_word' id='word_1_367' title='bbox 1193 3995 1342 4071; x_wconf 84' lang='lat' dir='ltr'>poteram,</span> <span class='ocrx_word' id='word_1_368' title='bbox 1369 3987 1424 4052; x_wconf 89' lang='lat' dir='ltr'>sed</span> <span class='ocrx_word' id='word_1_369' title='bbox 1446 4006 1496 4068; x_wconf 93' lang='lat' dir='ltr'>ea,</span> <span class='ocrx_word' id='word_1_370' title='bbox 1522 4006 1600 4070; x_wconf 91' lang='lat' dir='ltr'>quae</span> <span class='ocrx_word' id='word_1_371' title='bbox 1626 3988 1747 4068; x_wconf 89' lang='lat' dir='ltr'>saepius</span> <span class='ocrx_word' id='word_1_372' title='bbox 1765 3988 1827 4069; x_wconf 90' lang='lat' dir='ltr'>jam</span> <span class='ocrx_word' id='word_1_373' title='bbox 1850 3993 1975 4058; x_wconf 83' lang='lat' dir='ltr'>tractata</span> 
     </span>
     <span class='ocr_line' id='line_1_31' title="bbox 187 4092 978 4176; baseline 0.003 -22"><span class='ocrx_word' id='word_1_374' title='bbox 187 4099 256 4155; x_wconf 88' lang='lat' dir='ltr'>sunt</span> <span class='ocrx_word' id='word_1_375' title='bbox 277 4111 294 4155; x_wconf 92' lang='lat' dir='ltr'>a</span> <span class='ocrx_word' id='word_1_376' title='bbox 316 4093 388 4154; x_wconf 86' lang='lat' dir='ltr'>viris</span> <span class='ocrx_word' id='word_1_377' title='bbox 409 4092 627 4170; x_wconf 85' lang='lat' dir='ltr'>eruditissimis,</span> <span class='ocrx_word' id='word_1_378' title='bbox 649 4102 812 4158; x_wconf 88' lang='lat' dir='ltr'>retractare</span> <span class='ocrx_word' id='word_1_379' title='bbox 834 4095 978 4176; x_wconf 79' lang='lat' dir='ltr'>nolebam,</span> 
     </span>
     <span class='ocr_line' id='line_1_32' title="bbox 132 4187 1977 4278; baseline -0.002 -13"><span class='ocrx_word' id='word_1_380' title='bbox 132 4187 164 4265; x_wconf 73' lang='grc'>2)</span> <span class='ocrx_word' id='word_1_381' title='bbox 185 4197 279 4278; x_wconf 66' lang='grc' dir='ltr'>Μῦς</span> <span class='ocrx_word' id='word_1_382' title='bbox 298 4199 395 4264; x_wconf 65' lang='lat' dir='ltr'>baert.</span> <span class='ocrx_word' id='word_1_383' title='bbox 426 4200 459 4261; x_wconf 81' lang='lat' dir='ltr'>V.</span> <span class='ocrx_word' id='word_1_384' title='bbox 495 4201 524 4277; x_wconf 84' lang='lat'>5,</span> <span class='ocrx_word' id='word_1_385' title='bbox 558 4198 608 4261; x_wconf 85' lang='grc'>76.</span> <span class='ocrx_word' id='word_1_386' title='bbox 662 4196 772 4277; x_wconf 66' lang='grc' dir='ltr'>λέγεται</span> <span class='ocrx_word' id='word_1_387' title='bbox 802 4199 836 4261; x_wconf 82' lang='lat' dir='ltr'>di</span> <span class='ocrx_word' id='word_1_388' title='bbox 864 4193 1052 4278; x_wconf 65' lang='grc' dir='ltr'><strong><em>ἀποβαλόντα</em></strong></span> <span class='ocrx_word' id='word_1_389' title='bbox 1080 4195 1170 4260; x_wconf 76' lang='lat' dir='ltr'>adada</span> <span class='ocrx_word' id='word_1_390' title='bbox 1195 4195 1251 4270; x_wconf 75' lang='lat' dir='ltr'>ade</span> <span class='ocrx_word' id='word_1_391' title='bbox 1278 4194 1361 4278; x_wconf 75' lang='grc' dir='ltr'><strong><em>ὄψεις</em></strong></span> <span class='ocrx_word' id='word_1_392' title='bbox 1389 4202 1417 4260; x_wconf 69' lang='grc' dir='ltr'>ἐν</span> <span class='ocrx_word' id='word_1_393' title='bbox 1442 4195 1650 4276; x_wconf 63' lang='grc' dir='ltr'>Ἀλεξανδρείᾳ,</span> <span class='ocrx_word' id='word_1_394' title='bbox 1678 4195 1860 4276; x_wconf 69' lang='grc' dir='ltr'><strong><em>κομίσασθαι</em></strong></span> <span class='ocrx_word' id='word_1_395' title='bbox 1888 4191 1977 4270; x_wconf 70' lang='grc' dir='ltr'><strong><em>αὖθις</em></strong></span> 
     </span>
    </p>
   </div>
   <div class='ocr_carea' id='block_1_6' title="bbox 187 4293 1990 4390">
    <p class='ocr_par' dir='ltr' id='par_1_7' title="bbox 187 4293 1990 4390">
     <span class='ocr_line' id='line_1_33' title="bbox 187 4293 1990 4390; baseline 0.009 -31"><span class='ocrx_word' id='word_1_396' title='bbox 187 4293 270 4376; x_wconf 63' lang='grc' dir='ltr'>παρὸ</span> <span class='ocrx_word' id='word_1_397' title='bbox 288 4298 535 4381; x_wconf 67' lang='grc' dir='ltr'>τοίΣερῶπιδος</span> <span class='ocrx_word' id='word_1_398' title='bbox 566 4296 639 4366; x_wconf 77' lang='lat' dir='ltr'>dhar</span> <span class='ocrx_word' id='word_1_399' title='bbox 657 4309 706 4365; x_wconf 84' lang='lat' dir='ltr'>sut</span> <span class='ocrx_word' id='word_1_400' title='bbox 726 4303 795 4378; x_wconf 76' lang='lat' dir='ltr'>rede</span> <span class='ocrx_word' id='word_1_401' title='bbox 822 4308 945 4378; x_wconf 68' lang='grc' dir='ltr'>παιᾶνας</span> <span class='ocrx_word' id='word_1_402' title='bbox 965 4307 1083 4383; x_wconf 76' lang='grc' dir='ltr'><strong><em>ποιῆσαι</em></strong></span> <span class='ocrx_word' id='word_1_403' title='bbox 1104 4305 1173 4380; x_wconf 70' lang='lat' dir='ltr'>rede</span> <span class='ocrx_word' id='word_1_404' title='bbox 1199 4310 1291 4390; x_wconf 68' lang='lat' dir='ltr'>gelgel·</span> <span class='ocrx_word' id='word_1_405' title='bbox 1307 4308 1357 4368; x_wconf 75' lang='lat' dir='ltr'>nir</span> <span class='ocrx_word' id='word_1_406' title='bbox 1377 4304 1540 4384; x_wconf 56' lang='grc' dir='ltr'>ᾀδομένους.</span> <span class='ocrx_word' id='word_1_407' title='bbox 1583 4309 1620 4373; x_wconf 85' lang='lat' dir='ltr'>ei.</span> <span class='ocrx_word' id='word_1_408' title='bbox 1644 4311 1836 4377; x_wconf 66' lang='lat' dir='ltr'>casaubonus</span> <span class='ocrx_word' id='word_1_409' title='bbox 1855 4311 1895 4376; x_wconf 85' lang='lat' dir='ltr'>ad</span> <span class='ocrx_word' id='word_1_410' title='bbox 1916 4312 1944 4374; x_wconf 88' lang='lat' dir='ltr'>b.</span> <span class='ocrx_word' id='word_1_411' title='bbox 1957 4312 1990 4375; x_wconf 69' lang='lat' dir='ltr'>l.&#39;</span> 
     </span>
    </p>
   </div>
   <div class='ocr_carea' id='block_1_7' title="bbox 131 4405 1979 4914">
    <p class='ocr_par' dir='ltr' id='par_1_8' title="bbox 131 4405 1979 4914">
     <span class='ocr_line' id='line_1_34' title="bbox 131 4405 1978 4503; baseline 0.005 -28"><span class='ocrx_word' id='word_1_412' title='bbox 131 4405 161 4482; x_wconf 81' lang='lat' dir='ltr'>&#39;l</span> <span class='ocrx_word' id='word_1_413' title='bbox 184 4409 346 4475; x_wconf 69' lang='lat' dir='ltr'>dolebatur</span> <span class='ocrx_word' id='word_1_414' title='bbox 372 4416 492 4494; x_wconf 85' lang='lat' dir='ltr'>quiden</span> <span class='ocrx_word' id='word_1_415' title='bbox 521 4417 641 4498; x_wconf 83' lang='lat' dir='ltr'>Serapis</span> <span class='ocrx_word' id='word_1_416' title='bbox 677 4418 756 4500; x_wconf 85' lang='lat' dir='ltr'>apud</span> <span class='ocrx_word' id='word_1_417' title='bbox 785 4422 955 4502; x_wconf 77' lang='lat' dir='ltr'>Aegyptios</span> <span class='ocrx_word' id='word_1_418' title='bbox 984 4418 1111 4502; x_wconf 80' lang='lat' dir='ltr'>blemp&#39;bi</span> <span class='ocrx_word' id='word_1_419' title='bbox 1139 4422 1210 4484; x_wconf 85' lang='lat' dir='ltr'>inde</span> <span class='ocrx_word' id='word_1_420' title='bbox 1240 4423 1277 4485; x_wconf 86' lang='lat' dir='ltr'>ab</span> <span class='ocrx_word' id='word_1_421' title='bbox 1311 4420 1524 4501; x_wconf 84' lang='lat' dir='ltr'>antiquissimis</span> <span class='ocrx_word' id='word_1_422' title='bbox 1553 4421 1736 4502; x_wconf 88' lang='lat' dir='ltr'>temporibus</span> <span class='ocrx_word' id='word_1_423' title='bbox 1764 4420 1878 4503; x_wconf 73' lang='lat' dir='ltr'>daque</span> <span class='ocrx_word' id='word_1_424' title='bbox 1910 4426 1978 4484; x_wconf 88' lang='lat' dir='ltr'>ante</span> 
     </span>
     <span class='ocr_line' id='line_1_35' title="bbox 186 4519 1979 4609; baseline 0.004 -25"><span class='ocrx_word' id='word_1_425' title='bbox 186 4519 383 4598; x_wconf 84' lang='lat' dir='ltr'>Ptolemaeos,</span> <span class='ocrx_word' id='word_1_426' title='bbox 406 4522 431 4585; x_wconf 89' lang='lat' dir='ltr'>is</span> <span class='ocrx_word' id='word_1_427' title='bbox 452 4530 552 4588; x_wconf 89' lang='lat' dir='ltr'>aulem</span> <span class='ocrx_word' id='word_1_428' title='bbox 571 4527 701 4608; x_wconf 82' lang='lat' dir='ltr'>Serapis,</span> <span class='ocrx_word' id='word_1_429' title='bbox 731 4526 771 4590; x_wconf 88' lang='lat' dir='ltr'>da</span> <span class='ocrx_word' id='word_1_430' title='bbox 792 4544 853 4609; x_wconf 89' lang='lat' dir='ltr'>que</span> <span class='ocrx_word' id='word_1_431' title='bbox 876 4528 923 4590; x_wconf 90' lang='lat' dir='ltr'>hic</span> <span class='ocrx_word' id='word_1_432' title='bbox 943 4529 1054 4607; x_wconf 81' lang='lat' dir='ltr'>agitur,</span> <span class='ocrx_word' id='word_1_433' title='bbox 1075 4547 1094 4591; x_wconf 87' lang='lat' dir='ltr'>a</span> <span class='ocrx_word' id='word_1_434' title='bbox 1117 4529 1286 4594; x_wconf 79' lang='lat' dir='ltr'>Ptolemaeo</span> <span class='ocrx_word' id='word_1_435' title='bbox 1307 4528 1379 4608; x_wconf 75' lang='lat' dir='ltr'>Lagi</span> <span class='ocrx_word' id='word_1_436' title='bbox 1400 4529 1515 4608; x_wconf 80' lang='lat' dir='ltr'>Sinope</span> <span class='ocrx_word' id='word_1_437' title='bbox 1533 4526 1745 4592; x_wconf 75' lang='lat' dir='ltr'>alexandrum</span> <span class='ocrx_word' id='word_1_438' title='bbox 1767 4527 1911 4593; x_wconf 79' lang='lat' dir='ltr'>advectus</span> <span class='ocrx_word' id='word_1_439' title='bbox 1931 4535 1979 4592; x_wconf 86' lang='lat' dir='ltr'>ast</span> 
     </span>
     <span class='ocr_line' id='line_1_36' title="bbox 191 4627 1978 4717; baseline 0.004 -25"><span class='ocrx_word' id='word_1_440' title='bbox 191 4630 293 4711; x_wconf 87' lang='lat' dir='ltr'>ibique</span> <span class='ocrx_word' id='word_1_441' title='bbox 314 4627 372 4693; x_wconf 90' lang='lat' dir='ltr'>coli</span> <span class='ocrx_word' id='word_1_442' title='bbox 396 4636 531 4711; x_wconf 84' lang='lat' dir='ltr'>coeptus.</span> <span class='ocrx_word' id='word_1_443' title='bbox 575 4634 659 4698; x_wconf 84' lang='lat' dir='ltr'>lianc</span> <span class='ocrx_word' id='word_1_444' title='bbox 682 4634 785 4714; x_wconf 91' lang='lat' dir='ltr'>deum,</span> <span class='ocrx_word' id='word_1_445' title='bbox 808 4642 841 4701; x_wconf 92' lang='lat' dir='ltr'>ut</span> <span class='ocrx_word' id='word_1_446' title='bbox 862 4638 982 4702; x_wconf 79' lang='lat' dir='ltr'>&#39;incitus</span> <span class='ocrx_word' id='word_1_447' title='bbox 1002 4638 1069 4701; x_wconf 81' lang='lat' dir='ltr'>laist.</span> <span class='ocrx_word' id='word_1_448' title='bbox 1093 4635 1141 4701; x_wconf 80' lang='lat' dir='ltr'>tt.</span> <span class='ocrx_word' id='word_1_449' title='bbox 1163 4636 1225 4715; x_wconf 78' lang='lat'>84,</span> <span class='ocrx_word' id='word_1_450' title='bbox 1247 4637 1330 4700; x_wconf 90' lang='lat' dir='ltr'>multi</span> <span class='ocrx_word' id='word_1_451' title='bbox 1350 4635 1576 4717; x_wconf 76' lang='lat' dir='ltr'>Aesculapium,</span> <span class='ocrx_word' id='word_1_452' title='bbox 1599 4634 1681 4717; x_wconf 89' lang='lat' dir='ltr'>quod</span> <span class='ocrx_word' id='word_1_453' title='bbox 1703 4633 1858 4700; x_wconf 85' lang='lat' dir='ltr'>medeatur</span> <span class='ocrx_word' id='word_1_454' title='bbox 1876 4636 1978 4717; x_wconf 80' lang='lat' dir='ltr'>aegris</span> 
     </span>
     <span class='ocr_line' id='line_1_37' title="bbox 189 4739 1977 4831; baseline 0.003 -31"><span class='ocrx_word' id='word_1_455' title='bbox 189 4739 382 4819; x_wconf 86' lang='lat' dir='ltr'>corporibus,</span> <span class='ocrx_word' id='word_1_456' title='bbox 404 4739 522 4820; x_wconf 84' lang='lat' dir='ltr'>quidam</span> <span class='ocrx_word' id='word_1_457' title='bbox 545 4742 659 4819; x_wconf 84' lang='lat' dir='ltr'>Osirin,</span> <span class='ocrx_word' id='word_1_458' title='bbox 680 4746 916 4827; x_wconf 83' lang='lat' dir='ltr'>antiquissimum</span> <span class='ocrx_word' id='word_1_459' title='bbox 938 4747 1156 4831; x_wconf 67' lang='lat' dir='ltr'>Aegyptiorum</span> <span class='ocrx_word' id='word_1_460' title='bbox 1178 4759 1303 4826; x_wconf 87' lang='lat' dir='ltr'>numan,</span> <span class='ocrx_word' id='word_1_461' title='bbox 1327 4744 1445 4828; x_wconf 79' lang='lat' dir='ltr'>plurimi</span> <span class='ocrx_word' id='word_1_462' title='bbox 1464 4745 1562 4809; x_wconf 78' lang='lat' dir='ltr'>ditata</span> <span class='ocrx_word' id='word_1_463' title='bbox 1583 4749 1696 4828; x_wconf 81' lang='lat' dir='ltr'>patrem</span> <span class='ocrx_word' id='word_1_464' title='bbox 1714 4743 1895 4826; x_wconf 70' lang='lat' dir='ltr'>dosiadaat</span> <span class='ocrx_word' id='word_1_465' title='bbox 1939 4744 1977 4806; x_wconf 89' lang='lat' dir='ltr'>el.</span> 
     </span>
     <span class='ocr_line' id='line_1_38' title="bbox 191 4845 1523 4914; baseline 0.004 0"><span class='ocrx_word' id='word_1_466' title='bbox 191 4847 285 4914; x_wconf 79' lang='lat' dir='ltr'>dmm.</span> <span class='ocrx_word' id='word_1_467' title='bbox 308 4845 469 4911; x_wconf 76' lang='lat' dir='ltr'>Marcellin.</span> <span class='ocrx_word' id='word_1_468' title='bbox 492 4847 582 4913; x_wconf 85' lang='lat' dir='ltr'>llllll.</span> <span class='ocrx_word' id='word_1_469' title='bbox 606 4849 656 4914; x_wconf 81' lang='lat' dir='ltr'>td.</span> <span class='ocrx_word' id='word_1_470' title='bbox 931 4856 934 4861; x_wconf 86' lang='lat'>&#39;</span> <span class='ocrx_word' id='word_1_471' title='bbox 978 4876 981 4883; x_wconf 94' lang='lat'>·</span> <span class='ocrx_word' id='word_1_472' title='bbox 1068 4854 1071 4861; x_wconf 89' lang='lat'>&#39;</span> <span class='ocrx_word' id='word_1_473' title='bbox 1483 4857 1487 4867; x_wconf 86' lang='grc'><strong>“</strong></span> <span class='ocrx_word' id='word_1_474' title='bbox 1520 4866 1523 4871; x_wconf 73' lang='grc'>“</span> 
     </span>
    </p>
   </div>
   <div class='ocr_carea' id='block_1_8' title="bbox 0 0 2075 5236">
    <p class='ocr_par' dir='ltr' id='par_1_9' title="bbox 0 0 2075 5236">
     <span class='ocr_line' id='line_1_39' title="bbox 0 0 2075 5236; baseline 0 0"><span class='ocrx_word' id='word_1_475' title='bbox 0 0 2075 5236; x_wconf 95' lang='lat' dir='ltr'> </span> 
     </span>
    </p>
   </div>
   <div class='ocr_carea' id='block_1_9' title="bbox 2044 5024 2057 5105">
    <p class='ocr_par' dir='ltr' id='par_1_10' title="bbox 2044 5024 2057 5105">
     <span class='ocr_line' id='line_1_40' title="bbox 2044 5024 2057 5105; baseline 0 -12"><span class='ocrx_word' id='word_1_476' title='bbox 2044 5024 2057 5105; x_wconf 85' lang='lat' dir='ltr'>l</span> 
     </span>
    </p>
   </div>
  </div>
 </body>
</html>
