4140 5234
171 608 352 687 aiensibus
377 609 542 708 aperitur
601 605 822 698 Quamvis
804 630 879 705 Jam
911 612 1062 689 ιιιιιιιιιιι
1086 608 1362 689 Atheniensium
1394 616 1586 688 concitatio
1618 623 1748 693 exorta
1773 629 1884 716 esset,

173 728 233 822 qui
257 747 355 798 nova
383 722 547 805 libertate
573 722 769 797 inflammati
793 725 942 795 statim
932 748 969 795 ιιι
994 712 1201 821 optimates
1213 723 1458 803 crudelissime
1481 732 1691 814 consulturi
1702 734 1881 813 videban-

174 848 257 930 tur,
281 848 397 943 tauieu
420 838 466 911 ab
491 840 589 915 initio
614 837 733 910 nihil
724 837 892 933 injuriae
889 834 1096 929 Phocioni,
1129 861 1233 935 quem
1255 839 1432 919 Nicanori
1468 842 1606 921 lavisse
1637 848 1739 925 inter
1757 872 1883 928 omues

171 952 369 1044 οοιιιιιιιιι,
404 955 555 1053 ejusque
579 950 736 1050 partibus
760 950 893 1024 illatum
916 959 982 1026 est.
1032 951 1227 1028 Nicanoris
1244 953 1486 1049 conditiones,
1513 964 1581 1055 qui,
1608 971 1646 1035 ut
1670 963 1732 1037 lidi
1758 975 1882 1041 essent·
1927 956 1930 961 ’

174 1067 402 1157 Cassandro,
433 1066 675 1140 Athenienses
708 1064 939 1155 admonebat,
979 1067 1276 1166 repudiabuntur,
1317 1093 1385 1144 nce
1411 1071 1601 1168 ¹quidquam
1635 1077 1881 1165 vehementius

171 1183 434 1285 postulabatur,
467 1205 568 1277 quam
592 1187 630 1252 ut
654 1179 868 1279 praesidium
890 1166 1163 1261 Macedonicum
1196 1205 1246 1258 ex
1270 1184 1470 1282 Munychia
1503 1186 1751 1267 deduceretur.
1787 1195 1881 1268 Ni-

172 1318 284 1380 canor
316 1302 450 1385 autem,
489 1300 526 1368 ut
556 1290 766 1372 Cassandro
790 1294 956 1371 Athenas
988 1295 1164 1401 obnoxias
1198 1301 1385 1388 retineret,
1426 1300 1591 1398 prudenti
1621 1309 1773 1382 consilio
1808 1332 1881 1384 nou

172 1410 279 1486 modo
293 1433 375 1487 non
400 1413 510 1486 cessit
532 1409 748 1507 Monychia,
774 1431 897 1485 verum
920 1412 1026 1484 etiam
1050 1408 1214 1487 Piraeum
1240 1434 1418 1512 occupare
1443 1415 1587 1491 studuit.
1636 1420 1677 1495 In
1702 1421 1789 1497 illud
1813 1447 1880 1498 aue

172 1532 241 1602 tem
266 1533 399 1623 tempus
435 1522 558 1600 incidit
582 1527 765 1599 accusatio
789 1523 1004 1613 Phocionis,
1033 1527 1145 1620 cujus
1176 1548 1286 1598 causa
1319 1531 1550 1604 auctoribus
1575 1541 1677 1607 varie
1709 1546 1879 1611 narratur

172 1638 280 1716 Corn
305 1639 434 1738 Nep.
426 1665 461 1711 ιιι
487 1638 599 1712 Phoe.
615 1642 659 1710 ¹2.
709 1638 846 1730 „Quum
861 1661 981 1738 ¹prope
1006 1636 1053 1711 ad
1072 1663 1201 1713 aurnum
1225 1647 1480 1738 octogesimum
1504 1654 1880 1745 prosperaperveuis·

166 1765 224 1830 set
247 1754 587 1843 lortuuu,·extremis
607 1754 820 1851 temporibus
844 1775 1008 1849 magnum
1033 1755 1068 1823 iu
1093 1751 1210 1827 odium
1224 1760 1391 1852 pervenit
1413 1782 1556 1833 suorum
1570 1764 1711 1851 civium,
1736 1767 1880 1860 primum

170 1868 266 1964 quod
291 1891 369 1942 cum
391 1864 551 1941 oenone
577 1864 623 1941 de
649 1865 736 1943 urbe
761 1865 935 1941 tradenda
948 1866 1148 1964 Antipatro·
1162 1878 1406 1945 consenserat.
1420 1870 1450 1959 ¹)
1486 1872 1699 1948 Plutarchus
1723 1878 1760 1946 iu
1776 1873 1878 1956 Pho-

169 1987 274 2059 eionc
308 2005 340 2056 c.
374 1980 434 2054 et.
455 1984 571 2087 ipsum
602 1989 806 2057 accinctum
839 1979 924 2055 dicit
956 1986 1166 2079 propterea,
1203 1982 1299 2075 quod
1332 2007 1446 2080 neque
1480 1985 1659 2060 admiserit
1688 1989 1877 2061 amicorum

167 2101 304 2174 monita
324 2104 360 2171 et
384 2096 563 2171 clamores
583 2096 715 2194 populi,
741 2105 778 2169 ct
801 2095 1049 2187 Athenienses
1073 2093 1251 2172 adversus
1273 2097 1490 2172 Nicanorem
1515 2124 1611 2177 ιιιιιι
1640 2122 1772 2198 capere
1791 2102 1876 2194 josa

167 2236 231 2287 sos
257 2211 393 2288 ducere
406 2211 570 2287 uoluerit
622 2207 800 2308 Quidquid
825 2231 957 2283 causae
974 2207 1049 2298 suit,
1074 2206 1112 2279 id
1137 2219 1289 2299 coristat,
1315 2209 1533 2285 Phocionem
1558 2220 1595 2285 et
1617 2213 1746 2286 multos
1764 2213 1874 2333 alios,
1857 2263 1921 2334 ,w

169 2331 227 2423 qui
270 2325 413 2401 easdem
449 2329 648 2424 optimatum
686 2332 724 2400 et
709 2324 953 2399 tNicanoris
985 2331 1106 2422 partes
1139 2324 1394 2420 sequebantur,
1438 2324 1647 2456 proditionis
1682 2308 1873 2413 accusatos
1861 2309 1904 2339 ”

164 2449 203 2517 et
225 2441 400 2539 supplicio
424 2442 575 2517 affectos
614 2442 752 2526 esse2.)
812 2437 889 2531 [01.
917 2435 998 2528 lli),
1036 2438 1096 2525 4).
1149 2439 1218 2510 llis
1257 2441 1460 2535 portentuosis
1487 2441 1561 2534 J'am
1587 2435 1634 2510 ad
1662 2434 1880 2525 Demetrium

165 2554 379 2631 Phalereum
403 2553 521 2632 rethre
555 2555 657 2643 licet,
692 2557 751 2652 qui
775 2575 878 2648 quum
904 2552 1099 2626 Phocionis
1131 2550 1361 2626 consiliorum
1393 2555 1516 2629 socius
1542 2551 1708 2625 essetab
1733 2547 1876 2622 iisdem-

166 2692 235 2767 que
262 2670 461 2766 optimatum
484 2667 641 2765 partibus
666 2675 795 2755 steret,
829 2690 945 2760 aeque
978 2691 1021 2740 ae
1046 2665 1215 2741 Phocion
1242 2664 1360 2738 odium
1391 2669 1521 2766 civium
1543 2665 1610 2736 sibi
1635 2670 1875 2738 contraxerat.

150 2776 247 2855 'Sed
279 2788 319 2858 ut
348 2782 527 2859 imonineus
559 2780 752 2878 periculum
778 2782 949 2868 evitaret,
982 2804 1023 2864 se
1055 2783 1092 2857 in
1121 2780 1243 2875 lugam
1274 2777 1433 2854 dederat.
1483 2780 1606 2874 ltaque
1631 2802 1655 2849 a
1678 2775 1875 2869 Nicanore,

167 2891 529 2982 caesariensium,
519 2918 556 2974 ut
570 2893 767 2992 Monychia
791 2894 944 2990 benigue
970 2901 1136 2996 receptus
1150 2891 1195 2984 ³),
1221 2893 1264 2983 ab
1279 2893 1559 2971 Atlterriensibus
1582 2915 1710 2989 magno
1735 2895 1770 2966 iu
1796 2916 1880 2981 euru

167 3005 252 3081 odio
277 3009 494 3083 inflammatis
518 3008 650 3085 absens
675 3011 795 3081 mortis
819 3007 1083 3094 condemnatur.
1133 3009 1226 3085 Plut.
1253 3007 1363 3087 Phoe.
1387 3030 1421 3080 c.
1445 3007 1504 3082 35.
1553 3010 1639 3105 ἦσαν
1653 3021 1716 3086 σιν
1737 3021 1781 3105 τῷ
1804 3026 1877 3085 no·

165 3119 262 3190 κιωιιι
282 3120 460 3207 Νικοκλῆς.
485 3115 685 3200 Θούδιππος,
703 3113 874 3204 Ἡγήμων,
898 3120 1095 3202 Πυθοκλῆς·
1124 3120 1319 3202 Δημητρίου
1342 3114 1376 3188 di
1398 3119 1457 3183 τοῦ
1480 3117 1656 3207 Φαληρέως
1681 3118 1737 3185 aui
1758 3119 1878 3181 Kathr-

163 3232 321 3321 μὲιιονιος
341 3236 396 3307 aei
416 3234 618 3323 Χαρικλέους
639 3237 696 3309 aut
716 3257 816 3305 τινοιν
842 3239 950 3302 uttan
971 3229 1125 3305 ἀπόντων
1145 3236 1375 3318 κατεψηφίσθη
1395 3231 1548 3311 θάνατος,
1606 3222 1726 3297 Minus
1753 3229 1877 3291 autem

165 3337 248 3415 litlei
264 3334 297 3431 *ι
324 3340 500 3427 tribuerim
524 3337 693 3505 Carystio
718 3338 958 3444 Pergameno,
984 3340 1041 3443 qui
1066 3337 1160 3446 apud
1185 3336 1316 3417 Athen.
1334 3335 1418 3413 ΧΗ.
1443 3362 1476 3440 p.
1502 3339 1575 3415 542
1600 3325 1875 3439 supplicii'eau-

208 3587 237 3667 ¹)
280 3590 372 3655 Unde
391 3592 552 3677 sequitur,
586 3589 756 3654 Phocionis
776 3597 849 3669 post
875 3589 989 3652 bellum
1009 3589 1193 3652 Lemincum
1218 3585 1435 3649 auctoritatem
1468 3592 1501 3644 ct
1527 3578 1700 3662 potentiam
1720 3593 1783 3639 non
1811 3554 1877 3672 tem

281 3687 391 3753 fanore
413 3698 446 3751 et
463 3688 578 3753 studiis
603 3688 843 3754 Atheniensium
865 3707 958 3772 quam
980 3687 1137 3771 Antipatri
1157 3685 1258 3768 gratia
1279 3702 1318 3745 ec
1339 3684 1500 3744 uoluntate
1521 3680 1621 3743 nisam
1644 3674 1751 3736 fuisse.

207 3787 238 3866 ²)
281 3785 371 3847 DiOd
393 3787 512 3853 xviii
532 3787 587 3853 58.
607 3785 707 3849 6t-·
720 3785 774 3847 67.
796 3787 890 3848 Corn.
911 3788 996 3868 Nep.
1019 3787 1115 3851 Phoc.
1136 3782 1165 3845 2.
1187 3783 1268 3847 Plut.
1290 3782 1386 3844 Phoc.
1407 3778 1457 3847 31.

184 3868 236 3964 ⁵³)
281 3885 374 3962 Quod
396 3884 509 3966 conjici
530 3893 637 3966 potest
658 3904 700 3950 ex
720 3884 790 3949 loeo
813 3884 951 3967 Carystii
974 3882 1164 3966 Pergameni
1185 3861 1270 3967 apud
1297 3880 1412 3942 Athen.
1435 3877 1506 3936 xii.
1528 3892 1558 3954 p.
1581 3870 1652 3933 ste.
1676 3859 1775 3942 αὐτὸς
1795 3864 1876 3949 μετα

282 3974 471 4063 Νικάνορος
492 3976 660 4063 διέτριβεν.

204 4080 235 4163 ⁸)
277 4082 350 4143 Ηοο
370 4081 441 4143 ιοοο
465 4081 653 4146 lineamenta
674 4078 830 4163 quaedam
851 4080 957 4162 animi,
979 4081 1093 4163 quihus
1119 4074 1294 4158 descriptis
1311 4071 1352 4134 dc
1384 4042 1613 4133 existimatione
1634 4063 1784 4129 Demetrii
1806 4060 1875 4123 Ca-

262 4180 398 4261 rystius
419 4179 583 4242 detrahere
603 4181 715 4263 voluit,
737 4187 770 4241 et
792 4176 919 4259 quidem
939 4180 1004 4260 ita,
1016 4185 1053 4241 ut
1072 4177 1206 4237 alterum
1226 4172 1323 4234 ιιιοιι
1334 4176 1504 4253 repugnet,
1526 4167 1665 4231 breviter.
1683 4172 1875 4225 enumeran-
1906 4238 1911 4248 Α

283 4287 349 4365 tur,
377 4288 412 4345 ut
432 4279 584 4347 Demetrii
609 4277 738 4348 tratrem
764 4274 1035 4357 ammonuimus
1061 4273 1207 4340 oemsum
1231 4278 1277 4332 et
1293 4268 1518 4334 Demetrium
1508 4285 1613 4352 ipsum
1637 4255 1775 4327 amicitia
1802 4270 1874 4317 cum
