4140 5234
915 221 920 232 '
1008 206 1089 292 20

104 408 239 486 Suidas
269 434 296 483 s.
327 435 359 483 v.
397 405 632 506 Δημήτριος.
666 384 820 505 γε’γραιρι
852 403 1034 504 ηιλὸοοηά
1069 431 1108 476 τε
1141 402 1203 476 καὶ
1237 404 1401 501 ἱστορικὰ
1435 403 1495 476 καὶ
1524 402 1694 505 ῥητορικὰ
1728 403 1788 476 καὶ
1818 400 1993 477 πολιτικὰ

103 533 164 605 καί
190 532 270 629 περὶ
293 538 466 627 ποιητῶν.
520 531 559 604 in
587 530 666 628 ipso
699 528 817 603 indice
848 528 1018 603 librorum
1045 553 1066 601 a
1094 526 1256 626 Diogene
1284 540 1482 617 asservato,
1510 527 1613 625 cujus
1640 527 1728 602 ordo
1759 529 1878 603 nullus
1905 553 1990 602 cer·

104 654 219 745 uitur,
254 650 676 753 quadragintaquinque
709 651 840 748 scripto
868 650 1142 741 continentur,¹)
1177 675 1328 748 quorum
1363 675 1408 723 cx
1446 650 1558 724 titulis
1588 649 1809 725 Demetrium
1838 649 1990 726 easdem

105 801 175 870 ros,
201 775 331 875 quibus
354 775 633 873 Theophrastus
658 785 695 847 et
723 774 937 848 Aristoteles
963 797 1107 871 operam
1136 772 1313 863 dederint,
1340 773 1555 847 tractavisse
1577 773 1724 871 intelligi
1755 784 1886 870 potest.

125 920 128 925 ’
204 900 285 974 dam
315 923 399 972 vero
425 898 461 970 in
488 896 698 996 fragmentis
728 894 901 970 Demetrii
926 894 1140 991 scriptorum
1165 919 1212 969 ox
1234 907 1396 969 veterum
1417 895 1503 969 locis
1528 894 1739 992 colligendis
1773 894 1990 971 divisionem

106 1044 294 1120 generum,
328 1021 468 1118 qualem
500 1018 677 1116 Diogenes
710 1029 747 1091 et
779 1017 913 1092 Suidas
940 1019 1195 1109 observarunt,
1228 1017 1360 1106 secuti,
1397 1029 1553 1115 quatuor
1586 1018 1640 1090 vel
1668 1017 1834 1114 quinque
1852 1041 1991 1114 genera

106 1142 344 1219 discernenda
377 1168 459 1217 esse
492 1143 679 1216 volumus:
712 1165 822 1238 opera
860 1140 1121 1239 philosophica,
1157 1140 1309 1238 scripto,
1342 1164 1435 1238 quae
1469 1138 1653 1215 historiam
1689 1151 1725 1213 et
1751 1139 1992 1239 antiquitates

107 1277 285 1364 spectant,
311 1265 457 1363 scripta,
481 1289 574 1362 quae
601 1262 821 1360 reipublicae
846 1263 1025 1360 gerendae
1051 1263 1279 1361 prudentiam
1308 1263 1498 1360 pertinent,
1523 1262 1712 1353 rhetorica,
1735 1263 1992 1361 grammatica3

108 1411 258 1486 quorum
286 1387 445 1485 reliquiis
471 1384 631 1462 collectis
658 1386 876 1483 reliquorum
903 1385 1117 1482 scriptorum
1148 1386 1345 1483 fragmento
1373 1383 1592 1484 subjungere
1614 1386 1649 1458 in
1676 1385 1794 1459 animo
1818 1397 1885 1460 est.

208 1508 291 1600 Duo
316 1510 463 1608 scripta,
488 1532 582 1607 quae
604 1507 776 1581 Demetrii
797 1508 939 1582 nomine
958 1507 1049 1582 l'also
1074 1509 1248 1597 seruntur,
1276 1509 1434 1582 breviter
1454 1519 1591 1581 tantum
1612 1507 1679 1580 hoc
1704 1510 1782 1582 loco
1802 1509 1991 1607 attingam.

9 1696 15 1729 ,
107 1631 318 1731 Stephanus
353 1632 555 1729 Byzantius
580 1659 608 1705 s¹
638 1655 671 1702 v.
705 1627 850 1728 κορώνιη
883 1625 1105 1705 Demetrium
1142 1631 1354 1706 Phaleroum
1389 1631 1664 1705 commentarios
1699 1631 1734 1704 in
1764 1631 1992 1708 Nicandrum

80 1755 357 1852 -composuisse
383 1765 514 1842 narrat,
540 1752 635 1850 quod
663 1763 726 1826 aut
753 1753 919 1828 mendum
947 1752 1150 1851 scripturae
1174 1764 1236 1826 aut
1263 1778 1363 1827 error
1388 1752 1566 1850 Stephani
1594 1765 1669 1844 est;
1697 1777 1776 1828 nam
1805 1753 1994 1830 Nicander

100 1876 168 1969 ille
193 1875 287 1950 circa
313 1899 445 1949 annum
478 1877 545 1949 too
561 1901 592 1949 a.
611 1877 707 1968 Chr,
735 1876 920 1950 Demetrio
945 1875 1082 1949 dudum
1109 1883 1261 1966 mortuo,
1288 1875 1397 1965 vixit,
1423 1899 1534 1973 quare
1562 1875 1784 1950 Demetrium
1813 1876 1993 1952 Chiorum

107 1997 344 2095 aStophano
370 1997 518 2094 intelligi
546 1998 612 2072 riri
640 1998 735 2072 docti
762 1998 1041 2098 conjecerunw)
1095 2000 1256 2072 Alterum
1290 2000 1523 2095 opusculum,
1560 1999 1654 2096 quod
1690 1999 1897 2074 etiamnunc
1930 1999 1993 2076 in·

108 2134 247 2218 regrum
273 2131 404 2211 exstat,
430 2119 535 2220 cujus
558 2132 746 2195 auctorum
774 2123 882 2218 vulgo
905 2120 1127 2195 Demetrium
1157 2120 1370 2196 Phalereum
1399 2121 1522 2212 edunt,
1549 2132 1586 2194 et
1612 2122 1871 2197 sententiarum
1899 2125 1992 2199 suh-

108 2242 238 2318 tiiitote
259 2254 297 2317 et
326 2241 453 2342 judicii
480 2244 645 2318 acumine
673 2253 711 2318 et
736 2244 982 2341 exemplorum
1016 2243 1161 2318 delectu
1193 2243 1288 2318 haud
1322 2244 1614 2341 improbandum,
1651 2256 1707 2318 est
1741 2244 1881 2320 libellus
1914 2244 1993 2338 ille,

107 2365 167 2461 qui
191 2366 387 2465 inscriptus
412 2378 469 2440 cst
502 2366 583 2466 περὶ
616 2367 804 2465 ἑρμηνείας
829 2366 907 2441 sive
933 2366 979 2439 de
1004 2366 1226 2455 elocutione,
1261 2391 1366 2465 quom
1393 2390 1503 2463 quum
1532 2368 1654 2441 multis
1683 2366 1873 2443 decausis
1909 2378 1992 2445 tum

107 2499 258 2587 propter
284 2498 486 2586 temporum
512 2490 685 2580 ordinem,
723 2489 850 2563 mirum
876 2488 912 2562 in
939 2487 1083 2562 modum
1111 2490 1257 2578 laesum,
1293 2490 1452 2565 inleriori
1477 2485 1728 2587 assignandum
1755 2517 1837 2567 esse
1871 2493 1994 2569 aetati

107 2613 402 2686 demonstrarunt
426 2609 587 2708 critici,⁸)
614 2611 836 2686 Demetrium
869 2610 990 2708 potius
1020 2610 1303 2686 Alexandrinum
1338 2612 1523 2711 suspicati,
1549 2616 1616 2688 suh
1646 2614 1692 2690 Μ.
1721 2613 1856 2689 Aurelii
1882 2615 1995 2712 prin·

108 2734 229 2832 cipatu
255 2734 465 2832 sophistam.

152 2955 179 3032 ¹)
201 2960 234 3021 V.
253 2962 282 3024 5.
303 2960 356 3024 80.
374 2960 425 3024 81.
462 2951 540 3017 Ἔστι
562 2956 594 3017 δὲ
616 2953 735 3035 ιδπερὶ
756 2952 808 3033 τῆς
829 2951 971 3036 Ἀθήνησι
991 2957 1164 3035 νομοθεσίαις
1185 2953 1214 3016 α’
1234 2956 1262 3036 β’
1284 2955 1311 3037 γ’
1331 2955 1358 3017 δ’
1378 2955 1409 3031 τ’,
1425 2924 1494 3037 λτιερλ
1515 2949 1575 3017 τῶν
1592 2953 1735 3038 Ἀθήνησι
1755 2955 1880 3018 τιολιτων
1901 2955 1931 3017 α’
1951 2952 1995 3037 β,

203 3069 267 3141 περὶ
290 3063 474 3144 δημαγωγίας
501 3061 531 3125 α’
551 3062 590 3143 β’,
618 3068 681 3141 περὶ
707 3063 851 3139 πολιτικῆς
878 3062 908 3123 α’
928 3060 973 3142 β’,
987 3070 1050 3144 περὶ
1077 3063 1172 3143 νόμων
1197 3064 1235 3137 α’,
1263 3070 1326 3143 περὶ
1354 3065 1506 3144 ῥητορικῆς
1533 3063 1562 3124 α’
1582 3063 1621 3143 β’,
1651 3063 1860 3145 Στρατηγικῶν
1887 3062 1927 3138 α’,
1949 3065 1994 3145 β’,

203 3176 268 3250 περὶ
290 3167 409 3242 Ἰλαιλδος
429 3169 459 3230 α’
478 3169 517 3250 β’,
544 3177 609 3250 περὶ
635 3169 796 3241 Ὀδυσσείας
816 3169 845 3230 α’
865 3170 894 3250 β’
915 3180 940 3251 γ’
962 3173 1001 3245 δ’,
1028 3173 1209 3251 neumare
1229 3181 1269 3244 α’,
1294 3169 1443 3251 Ἐρωτικός
1463 3181 1503 3244 α’,
1534 3169 1708 3242 Φαιδώνδας
1728 3181 1769 3246 α’,
1798 3172 1924 3234 Μαίδων
1948 3184 1993 3246 α’,

203 3280 308 3340 luem
327 3288 365 3350 α’,
396 3274 560 3357 Σωκριλτης
580 3287 620 3351 α’,
646 3275 836 3357 Ἀρταξέρξης
857 3288 897 3351 α’,
915 3275 1062 3357 Ὁμηρικός
1082 3288 1123 3351 α’,
1150 3276 1325 3353 Ἀριστείδης
1346 3287 1387 3349 α’,
1408 3275 1616 3359 Ἀριστόμαχος
1637 3288 1678 3351 α’,
1708 3277 1926 3359 Προτρεπτικός
1948 3291 1993 3354 α’,

205 3383 276 3465 ὑπὲρ
303 3391 355 3463 τῆς
381 3387 524 3456 nomme
543 3395 585 3459 α’,
614 3392 677 3466 τιερλ
704 3385 756 3463 τῆς
782 3385 927 3456 δεκαετίας
951 3387 990 3459 α’,
1018 3391 1081 3464 περὶ
1108 3384 1167 3445 τοῖν
1199 3381 1299 3444 Ἰοίνων
1328 3392 1368 3457 α’,
1399 3381 1611 3463 Πριοβεντιιιός
1637 3395 1677 3460 α’,
1704 3391 1768 3466 περὶ
1795 3387 1919 3458 πίστεως
1947 3399 1993 3461 α’,

203 3498 268 3571 napi
288 3490 405 3572 χάριτος
424 3495 465 3566 α’,
490 3498 554 3572 περὶ
574 3495 661 3572 τύχης
682 3502 721 3567 α’,
748 3498 810 3573 περὶ
831 3492 1043 3573 μεγαλοψυχίας
1064 3499 1104 3565 α’,
1130 3497 1193 3570 περὶ
1213 3487 1305 3570 γάμον
1327 3501 1367 3565 α’,
1395 3492 1532 3571 περὶτοῦ
1554 3491 1641 3554 δόκον
1663 3502 1704 3567 α’,
1730 3498 1795 3575 πιρλ
1815 3491 1925 3574 adprime
1947 3507 1993 3569 α’,

203 3604 268 3679 περὶ
287 3595 382 3677 νόμων
401 3608 441 3672 α’,
467 3604 531 3678 αιρλ
551 3597 781 3676 ι’τιιτηδινμοὶτων
802 3602 842 3672 α’,
863 3604 925 3678 napi
944 3602 1045 3678 καιροῦ
1066 3608 1106 3672 α’,
1128 3595 1278 3670 Διονύσιος
1298 3601 1338 3673 α’,
1366 3596 1542 3669 Χαλκιδικός
1562 3609 1602 3673 α’,
1629 3598 1795 3678 Ἀθηναίων
1816 3600 1993 3682 καταδρομαὶ

206 3702 245 3780 α’,
264 3711 330 3785 rupi
348 3701 535 3785 Ἀντιφάνους
557 3716 595 3787 α’,
618 3708 777 3785 Προοίμιον
797 3705 938 3786 moreh
958 3716 998 3780 α’,
1018 3703 1180 3768 Ἐπιστολαί
1192 3715 1233 3781 α’,
1252 3705 1398 3784 Ἐκκλησία
1418 3703 1531 3784 ε’νορκος
1552 3715 1592 3778 α’,
1614 3712 1678 3788 περὶ
1699 3705 1795 3790 γήρως
1815 3710 1855 3783 α’,
1879 3709 1994 3771 Δίκαια

206 3821 246 3887 α’,
268 3813 442 3875 Αἰσωπείων
462 3822 502 3886 α’,
523 3816 640 3892 Χρειῶν
659 3823 698 3873 α’.

149 3942 177 4022 ²)
200 3949 238 4013 cl.
262 3951 375 4013 Fabrio.
397 3949 529 4013 biblioth.
553 3968 653 4028 graec.
677 3948 725 4013 lv.
747 3968 775 4030 p.
798 3947 868 4012 346.

150 4073 179 4153 ⁸)
201 4079 239 4146 ol.
260 4082 373 4149 Schoell
402 4082 510 4146 Gesoh.
533 4082 587 4143 der
606 4082 722 4163 griech.
746 4080 834 4145 Liter.
860 4082 891 4143 ll.
915 4081 949 4146 ll.
973 4100 1000 4165 p.
1023 4080 1092 4146 148.
1147 4081 1324 4163 Discrepanl
1346 4078 1458 4162 judicia
1488 4081 1644 4148 doctorum
1671 4085 1801 4148 virorum
1832 4085 1869 4147 de
1898 4082 1993 4170 hujus

204 4190 269 4252 lihri
291 4198 423 4253 auctore.
465 4189 523 4253 Alii
547 4191 640 4268 enim,
662 4197 694 4252 ut
717 4189 857 4268 Vossius,
880 4190 1030 4269 Muretus,
1052 4191 1125 4254 Gale
1146 4198 1176 4254 et
1197 4189 1362 4255 Schneider
1383 4191 1531 4273 appellant
1552 4192 1631 4256 illum
1652 4191 1831 4255 Demetrium
1852 4191 1993 4258 Alexan·

206 4295 331 4376 drlnum,
354 4304 487 4378 lempore
509 4297 599 4361 hlarci
622 4297 760 4360 Antonini
785 4299 973 4380 imperatoris
996 4299 1156 4361 virentem:
1186 4297 1233 4361 alii
1255 4315 1328 4361 voro
1352 4299 1526 4383 Dionysium
1548 4298 1821 4363 Halicarnasseum:
1851 4298 1900 4363 alii
1923 4302 1992 4366 De·

206 4405 340 4468 moirium
362 4405 446 4466 ixion
471 4403 630 4485 quendam.
672 4404 733 4470 Sed
755 4403 825 4467 nihil
848 4413 972 4469 constat.
1016 4405 1153 4470 Attamen
1176 4405 1234 4479 hoe
1256 4406 1313 4469 dici
1336 4414 1449 4488 potest,
1471 4422 1528 4469 nec
1550 4405 1667 4469 iliorum
1689 4415 1991 4474 commemoratorum

205 4529 304 4590 unum,
326 4529 383 4574 nec
398 4513 575 4576 Demetrium
591 4509 764 4576 Phalereum
787 4530 856 4576 esse
876 4521 1045 4592 auctorem,
1068 4514 1121 4577 sed
1145 4515 1325 4578 Demetrium
1348 4513 1510 4595 quendam,
1534 4513 1584 4595 qui
1607 4513 1723 4580 illorum
1746 4523 1879 4601 tompore
1900 4517 1989 4582 vixit.

205 4616 243 4682 cl.
256 4617 295 4683 de
315 4618 372 4682 hac
392 4619 649 4700 remediator
669 4620 697 4683 in
721 4621 798 4683 essai
820 4619 984 4703 historique
1004 4639 1058 4685 sur
1078 4620 1185 4685 l’eooIe
1199 4621 1419 4701 dillexandrie.
1442 4621 1550 4694 (Paris.
1564 4619 1845 4705 1820,8.)v01.1.p
1864 4618 1990 4708 ἳθλαρ.

207 4727 415 4791 Weshrmaon
436 4726 615 4790 Gcschichte
637 4727 690 4790 dor
712 4727 947 4809 Beoedlsamlrcit
970 4732 988 4798 h
1021 4729 1071 4793 95.
1105 4729 1199 4813 Wala.
1223 4733 1251 4794 in
1273 4733 1349 4796 rhet.
1372 4732 1476 4794 Graec.
1500 4730 1558 4795 rol.
1581 4732 1629 4808 tx,
1648 4730 1764 4816 proleg.
1775 4751 1804 4813 p.
1828 4732 1989 4798 iil—llll.
