4140 5234
967 403 1162 424 Μ

202 532 268 596 s'ua
299 520 498 597 meritorum
529 492 738 619 respexisse
770 513 930 608 uidetur,
967 511 1006 588 id
1040 512 1136 611 quod
1167 517 1267 614 patet
1298 534 1348 590 ex
1379 503 1561 588 Plutarchi
1593 512 1756 593 Aristide
1795 534 1828 590 c.
1859 515 1922 591 eu.

198 644 274 718 riui
296 645 468 737 Φαληριάς
489 640 591 738 ἐντῷ
613 626 784 733 Σωκράτει
805 642 887 730 φησι
907 641 1130 728 μνημονεύειν
1155 639 1355 728 Ἀριστείδου
1375 642 1604 727 θυγατριδοῦν
1625 630 1662 708 τά
1683 637 1771 728 μάλα
1795 640 1922 728 κάνητα

198 769 401 853 Λυσίμαχον,
422 761 460 844 ig
480 760 607 832 ἑαυτὸν
621 763 656 830 ἐκ
675 760 833 828 πινακίου
853 755 946 835 τινάς
968 744 1232 848 ὀνειροκριτικοῦ
1251 757 1342 848 τιαρά
1361 756 1402 826 τά
1419 762 1577 844 Ἰακχεῖον
1596 755 1773 844 λεγόμενον
1782 752 1920 838 καθιζά-

200 907 301 972 μενος
319 885 450 971 ἔβοσκε,
471 885 512 970 τῇ
533 881 568 947 δὲ
589 879 686 966 μητρὶ
706 877 761 946 καὶ
780 878 825 965 τῇ·
842 874 963 962 ταύτης
984 873 1110 966 ἀδελφῇ
1132 876 1286 966 ψήφισμα
1308 875 1437 965 γράψας
1458 873 1586 960 δωρεάν
1607 874 1714 943 ἔπεισα
1730 872 1790 942 τάν
1811 876 1920 962 tripos
2009 868 2016 875 ’

191 998 331 1072 ’διδόναι
357 996 540 1088 τριώβολον
565 996 700 1084 ἑκάστης
719 990 851 1082 ἦμάρας·
896 990 996 1075 αὑτάς
1017 993 1129 1083 μέντοι
1153 990 1173 1064 ά
1193 993 1386 1084 Δημήτριος
1406 991 1802 1080 νομοθιτάνιέψηφίσατο
1823 995 1920 1082 loup-

199 1116 267 1207 μὴν
288 1115 425 1209 ἑκατέρα
444 1114 538 1197 τάξαι
560 1116 627 1183 τῶν
647 1114 824 1200 γυναικῶν.
852 1149 894 1166 -

299 1239 441 1317 Deinde
474 1229 589 1313 autern
622 1241 658 1323 in
690 1236 815 1312 domus
841 1257 980 1332 quoqne
1013 1233 1257 1311 aedificandas
1291 1252 1452 1334 magnam
1483 1239 1668 1337 pecuniam
1702 1238 1917 1339 impendisse

196 1356 410 1433 Demetrium
435 1354 647 1429 phalereum
674 1352 759 1426 dieii
783 1352 891 1450 Diog.
915 1349 960 1425 [ι.
985 1348 1033 1424 V.
1059 1355 1118 1426 75.
1144 1369 1360 1451 κατασκευαῖς
1379 1358 1499 1463 ηὔξησε
1521 1360 1583 1450 τήν
1603 1362 1711 1434 πόλιν.

188 1472 191 1477 ’
296 1472 409 1564 Quum
442 1472 534 1546 enim
566 1468 724 1544 Persicis
759 1466 862 1542 bellis
895 1474 1038 1566 etpost
1069 1466 1200 1542 bellum
1232 1466 1581 1568 Peloponnesiacum
1613 1472 1721 1547 iruulta
1751 1477 1915 1557 aedilicia

187 1590 342 1664 ¹incensa
366 1594 403 1663 et
428 1584 544 1660 diruta
568 1582 735 1676 luissent,
769 1584 971 1658 Demetrius
996 1579 1196 1657 Phalereus
1224 1585 1333 1658 multa
1363 1585 1515 1659 restituit
1540 1596 1577 1660 et
1610 1574 1753 1681 reiecit,
1789 1618 1914 1683 exem.

192 1705 288 1807 plum
312 1705 479 1793 aliorum,
511 1700 660 1775 maxime
686 1694 864 1790 Cimonis,
897 1694 1073 1788 Periclis,
1105 1696 1285 1792 Cononis,
1319 1702 1376 1797 qui
1401 1699 1494 1775 idern
1511 1704 1586 1801 jam
1611 1716 1717 1778 antea
1740 1694 1913 1806 seueram,

192 1832 349 1909 secutus,
375 1820 424 1890 ita
437 1822 486 1907 ut,
512 1836 603 1913 quae
620 1812 750 1892 Conon
767 1810 798 1904 J
816 1813 1022 1915 imperfecta
1038 1812 1241 1911 reliquerat,
1259 1838 1305 1890 ea
1324 1818 1522 1925 perfecisse
1540 1818 1715 1898 videatur.
1746 1825 1912 1900 Aeeura-

194 1939 264 2011 tius
302 1932 348 2008 de
385 1932 454 2007 hac
492 1931 589 2005 urbis
628 1930 898 2032 amplificatione
931 1937 1077 2005 veteres
1111 1952 1183 2003 nou
1215 1930 1454 2024 tradiderunt,
1493 1935 1561 2012 sed
1592 1937 1629 2012 id
1660 1943 1832 2042 suspicari
1865 1945 1911 2016 li-

194 2062 253 2129 cel
278 2075 327 2127 ex
352 2051 462 2148 ipsius
487 2050 685 2121 sumtuariis
710 2048 850 2146 legibus
877 2052 913 2121 et
938 2069 987 2121 ex
1010 2041 1200 2122 Ciceronis
1227 2046 1349 2122 verbis
1375 2046 1421 2123 de
1448 2052 1506 2125 off.
1534 2054 1579 2143 ll,
1604 2053 1662 2127 17.
1688 2054 1909 2161 „Phalereus

191 2168 412 2256 Demetrius,
438 2165 496 2262 qui
521 2162 708 2256 Periclem,
733 2165 924 2264 prinoipem
951 2158 1141 2255 Graeciae,
1169 2164 1360 2267 vituperat,
1387 2165 1483 2265 quod
1509 2176 1639 2243 tantam
1664 2174 1848 2271 pecuniam
1874 2175 1908 2245 in

189 2280 379 2387 praeclara
409 2281 471 2354 illa
502 2279 700 2383 propylaea
732 2280 962 2378 conjecerit“,
1001 2301 1084 2352 mar
1058 2278 1296 2379 gnifioentiam
1323 2278 1565 2357 sutrinorum
1605 2284 1716 2360 luisse
1754 2288 1910 2360 titatam.

190 2397 269 2476 Sed
286 2394 377 2471 idem
391 2419 462 2471 non
477 2396 583 2497 plane
599 2405 702 2471 secut
703 2421 745 2468 us
762 2417 846 2469 esse
862 2393 1032 2469 videtur
1023 2419 1059 2466 ιιι
1077 2393 1327 2470 aedificatione
1345 2390 1464 2498 templi
1484 2396 1671 2495 Eleusinii,
1687 2400 1813 2499 quod
1796 2426 1910 2495 exae-

195 2508 407 2591 dificandum
432 2531 580 2585 curasse
605 2511 820 2583 Demetrium
845 2507 993 2605 legumus
1019 2506 1115 2606 apud
1138 2504 1280 2584 Vitruv.
1299 2510 1418 2588 Praei.
1434 2506 1515 2584 Vll.
1550 2514 1767 2603 „Eleusinae
1793 2515 1912 2594 Cere·

192 2633 241 2707 ris
267 2640 304 2704 et
328 2625 569 2724 Proserpinae
588 2623 756 2698 cellam
747 2623 881 2695 numani
907 2620 1145 2718 magnitudine
1170 2622 1303 2723 Ictinos
1329 2622 1453 2702 dorico
1479 2652 1577 2704 more
1610 2632 1688 2707 sine
1721 2636 1910 2709 exteriori-

191 2744 258 2822 bus
284 2740 454 2817 columnis
480 2738 528 2813 ad
553 2730 788 2813 laxamentum
815 2761 901 2812 usus
927 2734 1177 2811 sacrificiorum
1203 2747 1368 2839 pertexit.
1410 2738 1640 2822 hiemantem
1664 2759 1804 2847 postea,
1831 2773 1910 2865 cum

190 2860 395 2938 Demetrius
421 2850 619 2930 Phalereus
648 2850 802 2929 Athenis
827 2876 942 2927 rerum
966 2857 1149 2952 potiretur,
1174 2852 1318 2955 l’lrylun
1343 2869 1426 2932 ante
1453 2840 1651 2960 templum
1642 2889 1676 2936 ιιι
1703 2862 1818 2941 ironte
1843 2891 1911 2941 co·

189 2981 314 3055 lumnis
355 2974 555 3049 constitutis
593 2970 779 3070 prostylon
811 2968 907 3043 feeit.
970 2971 1024 3045 lta
1062 2979 1168 3046 auctu
1200 2974 1379 3050 vestibulo
1421 2976 1660 3095 laxamentum
1695 2971 1911 3101 initiantibus

193 3095 363 3196 operique
388 3112 551 3164 summam
576 3087 710 3186 adjecit
734 3089 1013 3160 auctoritatem“

290 3202 482 3283 mannan
514 3211 630 3279 autem
664 3203 895 3301 vectigalium
928 3210 1061 3300 partem
1093 3202 1281 3291 Demetrii,
1313 3208 1369 3301 qni
1396 3209 1526 3282 oinium
1558 3218 1692 3284 surptus
1723 3216 1911 3289 eircumci-

189 3323 311 3417 deret,
352 3324 492 3397 luxuria
522 3342 610 3393 eurus
594 3328 736 3395 santam
768 3343 852 3395 esse
877 3319 1028 3415 legimus
1053 3340 1102 3391 ex
1127 3318 1263 3393 Duride
1289 3319 1384 3421 apud
1409 3321 1540 3399 htlren.
1566 3322 1655 3401 Xll.
1680 3353 1713 3427 p.
1739 3335 1823 3404 542.
1853 3344 1911 3410 και

189 3430 254 3501 ini
275 3427 374 3497 τοάτν
407 3431 467 3513 (sc.
499 3433 613 3516 χιλίων
640 3430 695 3498 και
722 3432 900 3497 διακοσίων
924 3424 1110 3515 ταλάντων)
1139 3426 1263 3516 βραχὲα
1285 3431 1421 3498 tanau‘
1379 3457 1444 3499 νων
1470 3436 1514 3513 εἰς
1535 3433 1613 3515 τους
1634 3437 1832 3520 στρατιώτας
1852 3443 1910 3509 καὶ

188 3546 250 3639 τάν
278 3571 343 3641 rue
363 3534 486 3623 πόλεως
513 3549 691 3634 διοίκησιν,
719 3542 760 3612 τά
787 3542 888 3614 λοιττά
908 3542 1182 3638 admaterialis
1208 3540 1716 3645 ἔμφυτονάιιριισανήφάνιζε,
1741 3557 1908 3636 &elucere

232 3803 263 3887 ¹)
305 3802 355 3866 llo
381 3796 516 3864 Conone
535 3800 640 3864 ruimt
666 3802 813 3866 lustinus
838 3804 896 3867 ll.
923 3806 956 3867 u.
982 3807 1013 3870 8.
1055 3803 1158 3892 „Sed
1185 3809 1296 3873 Conon
1324 3808 1458 3872 testatis
1485 3806 1620 3871 hostium
1647 3811 1738 3876 terris
1763 3815 1909 3880 Alincum

299 3903 422 3988 pergit,
448 3900 502 3963 ubi
522 3919 638 3986 magno
659 3903 776 3965 civium
797 3903 914 3987 gaudio
936 3915 1094 3988 exceptus
1113 3908 1185 3989 plus
1205 3916 1311 3999 tumea
1333 3907 1475 3970 tristitiae
1496 3906 1565 3989 ipso
1587 3927 1629 3973 ex
1650 3912 1780 3978 incensa
1801 3924 1835 3976 et
1855 3914 1906 3974 ‹li-

298 4013 370 4068 ruta
391 4019 411 4063 a
431 4000 693 4065 Lacedaemoniis
711 4003 834 4084 patria,
856 4020 951 4085 quam
970 4006 1108 4070 laetitiae
1130 4020 1172 4070 ex
1193 3993 1382 4090 recuperata
1403 4016 1475 4088 pust
1496 4015 1617 4090 ικιιιιιιιι
1639 4013 1790 4111 temporis
1810 4012 1906 4092 cepit

298 4105 410 4186 ltaque
415 4146 429 4190 ,
455 4116 540 4186 quau
564 4101 695 4243 ipsuum
716 4101 868 4185 inerant,
888 4102 1075 4186 praedarum
1095 4117 1202 4172 sumtu
1224 4116 1257 4170 et
1278 4107 1422 4172 exercitu
1443 4106 1611 4176 Persarum
1636 4104 1793 4199 restituit,
1822 4128 1905 4192 quau

298 4202 419 4290 mua,
447 4204 569 4271 reiicit.
