4140 5234
139 1411 147 1435 ’
208 1386 435 1529 Postquam
453 1439 537 1505 anta
562 1428 628 1504 hos
649 1427 774 1504 decem
793 1450 906 1504 annos
927 1423 964 1502 in
986 1425 1294 1503 commentationis
1316 1425 1363 1502 de
1389 1426 1561 1504 Demetrii
1584 1427 1750 1503 Phalerei
1770 1428 1854 1524 vita,
1879 1431 1989 1505 rebus

112 1571 224 1669 gostis
257 1582 294 1644 et
326 1570 540 1669 scriptorum
576 1569 736 1667 reliquiis
771 1580 863 1668 part.
893 1569 919 1642 Ι.
955 1568 1157 1660 (Hersleld.
1186 1568 1294 1660 1847,
1319 1567 1378 1659 ot,
1404 1568 1454 1659 cl.)
1492 1568 1666 1644 Demetrii
1700 1568 1809 1643 vitam
1843 1569 1988 1666 quidem

112 1721 150 1783 et
174 1735 234 1785 res
260 1712 304 1784 ob
330 1734 373 1785 eo
398 1722 520 1808 gestas
547 1708 681 1809 majore
707 1734 753 1784 ex
783 1719 885 1807 parte
911 1721 1109 1782 exsecutus
1131 1715 1267 1798 sum,¹)
1303 1731 1375 1782 uno
1408 1719 1565 1806 excepto
1597 1706 1715 1805 capite
1741 1707 1788 1780 de
1814 1706 1989 1782 Demetrii

112 1847 147 1922 io
174 1850 343 1948 Aegypto
370 1849 658 1941 commoratione,
685 1850 792 1948 qnod,
819 1873 865 1924 ne
886 1847 1006 1949 justos
1031 1846 1340 1922 commentationis
1367 1843 1457 1921 fines
1484 1847 1711 1939 excederem,
1737 1872 1817 1922 cum
1845 1846 1989 1939 ceteris,

110 2012 202 2087 quae
235 1989 281 2064 ad
316 1990 539 2064 Demetrium
572 1989 788 2065 Phalereum
821 1990 1024 2088 pertinent,
1059 1987 1096 2063 in
1130 1987 1227 2062 aliud
1261 2000 1404 2085 tempus
1437 1986 1618 2061 edendum
1652 1986 1882 2079 distuleram3
1920 1987 1990 2061 hoc

108 2127 254 2202 demum
289 2141 468 2226 tempore,
501 2155 572 2227 quo
607 2129 869 2204 dissertationis
906 2129 1118 2203 scribendae
1145 2125 1365 2223 provinciam
1392 2126 1479 2200 mihi
1505 2127 1673 2200 evenisse
1699 2127 1831 2219 laetor,
1863 2125 1909 2200 ad
1936 2150 1990 2216 ea,

107 2288 201 2360 quae
232 2259 352 2337 adh'uc
377 2277 464 2338 aunt
489 2266 707 2356 intermissa,
741 2265 864 2339 studia
889 2264 1009 2338 redire
1036 2265 1121 2339 mihi
1148 2268 1241 2339 licet
1292 2266 1436 2361 ltaque,
1471 2265 1717 2360 disputatione
1742 2266 1788 2339 de
1815 2265 1990 2340 Demetrii

109 2403 145 2476 in
180 2404 351 2499 Aegypto
383 2405 664 2476 commoratione
697 2403 742 2478 ad
777 2403 884 2477 linem
920 2403 1111 2499 perducta,
1146 2401 1380 2499 relinquitur,
1415 2413 1472 2491 ut,
1506 2403 1688 2477 nonnuliis
1723 2402 1770 2476 da
1803 2403 1989 2478 Demetrio

109 2555 255 2615 oratore
281 2541 496 2639 praemissis,
523 2542 737 2641 descriptis
763 2541 842 2643 ejus
861 2543 1067 2639 disquiram,
1095 2553 1136 2615 nt
1161 2541 1330 2616 librorum
1352 2537 1429 2637 ejus
1454 2540 1650 2638 fragmento
1677 2541 1798 2616 multis
1824 2553 1988 2617 veterum

108 2680 323 2778 scriptorum
360 2680 448 2755 locis
483 2681 649 2780 dispersa
682 2683 846 2781 colligam
881 2683 1104 2779 collectaque
1138 2680 1338 2755 secundum
1376 2680 1546 2755 librorum
1582 2681 1736 2756 indicem
1769 2707 1790 2757 a
1829 2680 1988 2778 Diogene

109 2819 256 2894 laetatio
285 2820 457 2894 traditum
484 2821 520 2895 in
548 2823 710 2895 ordinem
737 2822 915 2919 quendum
942 2815 1149 2916 redigam')

155 3067 180 3138 Ι)
203 3069 375 3134 Universam
406 3086 469 3131 rem
498 3068 527 3131 in
550 3068 624 3131 duos
653 3077 752 3150 partes
775 3071 816 3133 ita
839 3069 1012 3144 divisorem,
1044 3075 1077 3132 ut
1102 3071 1231 3151 priorem
1260 3071 1389 3135 libellum
1412 3073 1451 3135 de
1473 3074 1531 3135 vita
1559 3078 1590 3135 et
1610 3074 1700 3136 rebus
1728 3075 1822 3154 gestis
1847 3076 1986 3138 Demetrii

208 3175 342 3240 Phalerei
365 3176 494 3253 ederem,
517 3179 574 3253 cari,
597 3177 746 3239 scribendi
770 3180 929 3239 occasione
951 3177 1058 3252 oblata,
1082 3177 1202 3240 oltaram
1228 3183 1481 3242 commentationis
1502 3185 1625 3261 partem,
1655 3199 1713 3261 qua
1736 3181 1900 3262 fragmenta
1923 3184 1987 3244 De-

207 3286 302 3346 metrii
325 3285 504 3364 scriptorum
527 3288 758 3361 continerentur,
781 3286 963 3366 subjungere
986 3285 1053 3346 mihi
1077 3286 1105 3345 ia
1129 3288 1225 3347 animo
1248 3294 1320 3348 arat.
1365 3289 1493 3348 Priorem
1516 3294 1629 3368 portem
1651 3306 1757 3350 novem
1780 3291 1924 3371 capitibus
1945 3292 1986 3353 ita

206 3391 500 3473 conrpreheoderam,
525 3401 556 3454 nt
577 3394 604 3453 in
627 3393 721 3473 primo
744 3394 838 3474 capite
860 3393 992 3472 inprimis
1015 3391 1052 3454 de
1076 3411 1191 3474 genero
1213 3398 1243 3453 et
1264 3409 1341 3453 anno
1362 3392 1451 3454 natali
1473 3396 1613 3457 Demetrii
1643 3414 1773 3477 agerem,
1801 3396 1986 3460 insecundo

208 3499 245 3559 da
267 3500 331 3580 ejus
353 3500 551 3575 institutione,
581 3501 609 3560 io
632 3501 735 3575 tertio,
769 3508 917 3580 quotenus
938 3520 972 3562 se
996 3501 1127 3562 dedisset
1155 3499 1326 3579 reipublice
1354 3517 1491 3581 quasque
1512 3510 1610 3582 partes
1640 3510 1721 3565 esset
1743 3506 1772 3565 in
1795 3523 1829 3568 ec
1851 3511 1985 3581 secutus,

207 3607 338 3685 inprimis
359 3613 493 3686 tempore
521 3606 590 3669 belli
611 3607 753 3683 Lanniaci,
781 3608 809 3667 ia
833 3616 938 3687 quarto
968 3607 1006 3670 da
1027 3609 1126 3688 priore
1155 3608 1218 3688 ejus
1243 3607 1348 3669 exsilio
1379 3614 1409 3669 et
1439 3626 1598 3689 quousque
1626 3610 1808 3692 reipublicae
1835 3611 1986 3694 gerendae

207 3713 356 3792 particeps
379 3714 483 3776 luisset
506 3721 573 3795 post
602 3714 710 3776 bollum
733 3713 918 3791 Lentiscum,
947 3716 975 3776 ia
1007 3717 1110 3796 quinto
1137 3713 1175 3776 da
1204 3716 1344 3777 Demetrii
1368 3715 1550 3778 Athenarum
1579 3720 1803 3798 procuratione,
1829 3721 1859 3782 in
1886 3725 1984 3796 sexto,

208 3817 279 3897 quid
302 3820 527 3883 existimandum
551 3830 632 3884 osset
655 3822 778 3903 deeius
801 3823 972 3902 principato,
995 3823 1023 3883 ia
1046 3824 1171 3903 septimo
1195 3820 1232 3884 de
1255 3824 1384 3884 moribus
1407 3824 1472 3903 ejus
1494 3831 1525 3887 et
1547 3826 1606 3888 vita
1628 3827 1749 3907 privata,
1765 3826 1793 3887 in
1815 3831 1923 3889 octono
1946 3825 1984 3888 de

206 3923 302 3987 altero
325 3927 390 4006 ejus
413 3929 519 3989 exsilio
542 3937 571 3989 et
592 3929 701 3992 Thebis
724 3930 963 4006 commoratione,
986 3931 1015 3990 io
1039 3947 1117 3991 nono
1139 3930 1268 4011 denique
1289 3930 1328 3992 de
1353 3933 1503 3994 Demetrio
1524 3933 1554 3995 in
1577 3935 1716 4015 Aegypto
1738 3938 1865 3994 versato.
1890 3964 1927 3973 -

150 4048 181 4123 ’l
204 4057 251 4120 lle
272 4058 391 4140 quidem
413 4061 571 4120 antevertit
593 4061 621 4120 in
644 4062 774 4142 reliquiis
797 4063 973 4142 scriptorum
998 4063 1137 4124 Demetrii
1160 4061 1284 4125 edendis
1313 4063 1366 4126 Th.
1389 4064 1511 4145 Herwig
1539 4068 1568 4128 in
1592 4063 1839 4126 commentatione
1861 4063 1899 4127 de
1919 4064 1983 4127 De-

210 4169 303 4229 metrii
326 4168 444 4247 scriptis
467 4165 600 4236 (lliotelo
624 4167 730 4245 1850),
758 4169 811 4232 sed
835 4190 924 4250 quum
953 4172 979 4232 is
1002 4188 1059 4231 noo
1078 4172 1162 4252 justo
1191 4170 1313 4233 editoris
1336 4190 1458 4235 munere
1486 4191 1521 4234 se
1542 4170 1672 4233 iunctum
1694 4189 1773 4248 esse,
1800 4169 1854 4237 sed
1878 4171 1982 4252 quales

208 4271 237 4330 in
269 4275 463 4356 scriptoribus
492 4274 653 4350 invenerit,
682 4274 822 4356 reliquias
858 4277 1053 4359 adscripsisse
1083 4279 1148 4358 ipsa
1177 4276 1318 4357 fateatur,
1350 4297 1441 4358 quum
1464 4279 1627 4359 presertim
1656 4277 1813 4342 nonnullas
1842 4279 1982 4353 omiserit,

209 4394 277 4457 que
299 4394 357 4439 non
385 4386 469 4442 erant
489 4381 686 4458 omittendae,
714 4384 837 4446 medem
865 4404 928 4447 rem
956 4404 972 4448 a
996 4405 1044 4448 me
1072 4386 1217 4466 inceptam
1239 4386 1382 4467 persequi
1403 4402 1462 4446 non
1485 4384 1630 4464 dubituri3
1658 4403 1760 4466 quara,
1787 4382 1983 4468 disputetiona

206 4484 245 4545 de
267 4485 408 4547 Demetrii
429 4488 488 4549 rita
508 4496 539 4551 et
559 4490 650 4551 rebus
673 4491 766 4569 gestis
788 4490 938 4568 absoluto,
966 4495 996 4555 in
1026 4493 1217 4575 fragmentis,
1247 4511 1288 4556 ex
1309 4498 1441 4555 veterum
1462 4493 1641 4574 scriptorum
1667 4491 1743 4557 locis
1763 4491 1914 4569 collectis,
1936 4492 1981 4569 ils,

207 4610 284 4673 quae
305 4591 403 4655 adhuc
424 4601 495 4656 aunt
515 4600 635 4674 omissa,
657 4598 774 4674 additis,
798 4600 827 4659 in
850 4598 1088 4663 dissertationem
1111 4618 1205 4662 meam
1227 4598 1461 4662 transcribendis
1487 4605 1580 4682 atque
1601 4598 1794 4683 disponendis
1815 4615 1862 4661 me
1882 4601 1982 4660 conti-

208 4716 281 4761 uera
306 4705 337 4760 et
358 4702 459 4765 critica
490 4706 740 4786 grammaticaque
768 4705 865 4770 stadis
893 4708 923 4770 in
950 4707 1029 4772 aliud
1057 4717 1175 4790 tempus
1203 4709 1232 4770 ia
1260 4709 1479 4772 commentariis
1507 4707 1624 4773 edendo
1652 4704 1773 4770 differre
1798 4706 1981 4790 propositum

207 4804 275 4871 utut
297 4815 351 4870 eat
1767 4822 1772 4839 '

1561 4895 1577 4967 l
