<?xml version="1.0" encoding="UTF-8"?>
<!DOCTYPE html PUBLIC "-//W3C//DTD XHTML 1.0 Transitional//EN"
    "http://www.w3.org/TR/xhtml1/DTD/xhtml1-transitional.dtd">
<html xmlns="http://www.w3.org/1999/xhtml" xml:lang="en" lang="en">
 <head>
  <title>
</title>
<meta http-equiv="Content-Type" content="text/html;charset=utf-8" />
  <meta name='ocr-system' content='tesseract 3.04.00' />
  <meta name='ocr-capabilities' content='ocr_page ocr_carea ocr_par ocr_line ocrx_word'/>
</head>
<body>
  <div class='ocr_page' id='page_1' title='image "./commentationisd00ostegoog_0090.png"; bbox 0 0 4140 5234; ppageno 0'>
   <div class='ocr_carea' id='block_1_1' title="bbox 88 246 1989 3865">
    <p class='ocr_par' dir='ltr' id='par_1_1' title="bbox 88 246 1989 3865">
     <span class='ocr_line' id='line_1_1' title="bbox 1015 246 1087 332; baseline -0.014 0"><span class='ocrx_word' id='word_1_1' title='bbox 1015 246 1087 332; x_wconf 71' lang='grc' dir='ltr'>Η</span> 
     </span>
     <span class='ocr_line' id='line_1_2' title="bbox 104 444 1983 551; baseline -0.003 -21"><span class='ocrx_word' id='word_1_2' title='bbox 104 463 208 531; x_wconf 77' lang='lat' dir='ltr'><strong>erem</strong></span> <span class='ocrx_word' id='word_1_3' title='bbox 226 449 462 551; x_wconf 76' lang='lat' dir='ltr'><strong>eloquentiae,</strong></span> <span class='ocrx_word' id='word_1_4' title='bbox 488 473 560 525; x_wconf 88' lang='lat' dir='ltr'><strong>uon</strong></span> <span class='ocrx_word' id='word_1_5' title='bbox 583 447 767 547; x_wconf 89' lang='lat' dir='ltr'><strong>indignum</strong></span> <span class='ocrx_word' id='word_1_6' title='bbox 786 444 962 546; x_wconf 86' lang='lat' dir='ltr'><strong>judicant,</strong></span> <span class='ocrx_word' id='word_1_7' title='bbox 989 469 1095 544; x_wconf 87' lang='lat' dir='ltr'><strong>quem</strong></span> <span class='ocrx_word' id='word_1_8' title='bbox 1121 445 1271 522; x_wconf 85' lang='lat' dir='ltr'><strong>summis</strong></span> <span class='ocrx_word' id='word_1_9' title='bbox 1290 444 1526 523; x_wconf 85' lang='lat' dir='ltr'><strong>Graecorum·</strong></span> <span class='ocrx_word' id='word_1_10' title='bbox 1542 447 1747 523; x_wconf 87' lang='lat' dir='ltr'><strong>oratoribus</strong></span> <span class='ocrx_word' id='word_1_11' title='bbox 1763 459 1983 547; x_wconf 84' lang='lat' dir='ltr'><strong>comparent,</strong></span> 
     </span>
     <span class='ocr_line' id='line_1_3' title="bbox 106 551 1985 684; baseline -0.002 -33"><span class='ocrx_word' id='word_1_12' title='bbox 106 587 242 675; x_wconf 89' lang='lat' dir='ltr'><strong>quanta</strong></span> <span class='ocrx_word' id='word_1_13' title='bbox 273 551 310 650; x_wconf 88' lang='lat' dir='ltr'><strong>in</strong></span> <span class='ocrx_word' id='word_1_14' title='bbox 346 575 407 648; x_wconf 91' lang='lat' dir='ltr'><strong>illo</strong></span> <span class='ocrx_word' id='word_1_15' title='bbox 434 571 544 647; x_wconf 84' lang='lat' dir='ltr'><strong>luerit</strong></span> <span class='ocrx_word' id='word_1_16' title='bbox 568 570 791 668; x_wconf 78' lang='lat' dir='ltr'><strong>eloquentia,</strong></span> <span class='ocrx_word' id='word_1_17' title='bbox 825 569 913 643; x_wconf 89' lang='lat' dir='ltr'><strong>setis</strong></span> <span class='ocrx_word' id='word_1_18' title='bbox 938 569 1087 666; x_wconf 77' lang='lat' dir='ltr'><strong>intelligi</strong></span> <span class='ocrx_word' id='word_1_19' title='bbox 1113 580 1248 667; x_wconf 85' lang='lat' dir='ltr'><strong>potest.</strong></span> <span class='ocrx_word' id='word_1_20' title='bbox 1304 569 1413 644; x_wconf 91' lang='lat' dir='ltr'><strong>Unde</strong></span> <span class='ocrx_word' id='word_1_21' title='bbox 1438 584 1559 645; x_wconf 91' lang='lat' dir='ltr'><strong>autem</strong></span> <span class='ocrx_word' id='word_1_22' title='bbox 1586 571 1720 684; x_wconf 81' lang='lat' dir='ltr'><strong>lactum</strong></span> <span class='ocrx_word' id='word_1_23' title='bbox 1748 572 1813 663; x_wconf 89' lang='lat' dir='ltr'><strong>sit,</strong></span> <span class='ocrx_word' id='word_1_24' title='bbox 1840 580 1882 645; x_wconf 92' lang='lat' dir='ltr'><strong>ut</strong></span> <span class='ocrx_word' id='word_1_25' title='bbox 1910 571 1985 647; x_wconf 81' lang='lat' dir='ltr'><strong>us·</strong></span> 
     </span>
     <span class='ocr_line' id='line_1_4' title="bbox 107 689 1984 792; baseline -0.002 -18"><span class='ocrx_word' id='word_1_26' title='bbox 107 698 345 774; x_wconf 81' lang='lat' dir='ltr'><strong>metridatem</strong></span> <span class='ocrx_word' id='word_1_27' title='bbox 367 698 525 792; x_wconf 89' lang='lat' dir='ltr'><strong>amplum</strong></span> <span class='ocrx_word' id='word_1_28' title='bbox 545 694 642 769; x_wconf 91' lang='lat' dir='ltr'><strong>inter</strong></span> <span class='ocrx_word' id='word_1_29' title='bbox 664 693 805 768; x_wconf 80' lang='lat' dir='ltr'><strong>Atticos</strong></span> <span class='ocrx_word' id='word_1_30' title='bbox 830 702 992 767; x_wconf 87' lang='lat' dir='ltr'><strong>oratores</strong></span> <span class='ocrx_word' id='word_1_31' title='bbox 1011 693 1129 766; x_wconf 90' lang='lat' dir='ltr'><strong>locum</strong></span> <span class='ocrx_word' id='word_1_32' title='bbox 1150 691 1357 782; x_wconf 86' lang='lat' dir='ltr'><strong>obtinuerit,</strong></span> <span class='ocrx_word' id='word_1_33' title='bbox 1376 689 1451 790; x_wconf 85' lang='lat' dir='ltr'><strong>jem</strong></span> <span class='ocrx_word' id='word_1_34' title='bbox 1476 691 1514 766; x_wconf 91' lang='lat' dir='ltr'><strong>in</strong></span> <span class='ocrx_word' id='word_1_35' title='bbox 1536 693 1656 791; x_wconf 89' lang='lat' dir='ltr'><strong>priore</strong></span> <span class='ocrx_word' id='word_1_36' title='bbox 1674 691 1984 770; x_wconf 77' lang='lat' dir='ltr'><strong>commentationis</strong></span> 
     </span>
     <span class='ocr_line' id='line_1_5' title="bbox 88 813 1985 919; baseline -0.002 -24"><span class='ocrx_word' id='word_1_37' title='bbox 88 844 210 914; x_wconf 10' lang='lat' dir='ltr'><strong>,meae</strong></span> <span class='ocrx_word' id='word_1_38' title='bbox 237 833 340 919; x_wconf 88' lang='lat' dir='ltr'><strong>parte</strong></span> <span class='ocrx_word' id='word_1_39' title='bbox 366 823 460 914; x_wconf 88' lang='lat' dir='ltr'><strong>[cap.</strong></span> <span class='ocrx_word' id='word_1_40' title='bbox 491 818 573 910; x_wconf 91' lang='lat' dir='ltr'><strong>ll.],</strong></span> <span class='ocrx_word' id='word_1_41' title='bbox 598 816 658 890; x_wconf 89' lang='lat' dir='ltr'><strong>uhi</strong></span> <span class='ocrx_word' id='word_1_42' title='bbox 687 815 734 890; x_wconf 93' lang='lat' dir='ltr'><strong>de</strong></span> <span class='ocrx_word' id='word_1_43' title='bbox 760 813 933 888; x_wconf 85' lang='lat' dir='ltr'><strong>Demetrii</strong></span> <span class='ocrx_word' id='word_1_44' title='bbox 960 813 1186 890; x_wconf 88' lang='lat' dir='ltr'><strong>institutione</strong></span> <span class='ocrx_word' id='word_1_45' title='bbox 1211 838 1255 889; x_wconf 89' lang='lat' dir='ltr'><strong>ac</strong></span> <span class='ocrx_word' id='word_1_46' title='bbox 1279 813 1443 890; x_wconf 89' lang='lat' dir='ltr'><strong>doctrina</strong></span> <span class='ocrx_word' id='word_1_47' title='bbox 1468 816 1604 914; x_wconf 84' lang='lat' dir='ltr'><strong>agitur,</strong></span> <span class='ocrx_word' id='word_1_48' title='bbox 1636 817 1842 893; x_wconf 73' lang='lat' dir='ltr'><strong>accuratius</strong></span> <span class='ocrx_word' id='word_1_49' title='bbox 1866 814 1985 916; x_wconf 57' lang='lat' dir='ltr'><strong>expllss</strong></span> 
     </span>
     <span class='ocr_line' id='line_1_6' title="bbox 108 935 1985 1035; baseline -0.001 -19"><span class='ocrx_word' id='word_1_50' title='bbox 108 955 228 1018; x_wconf 87' lang='lat' dir='ltr'><strong>cetum</strong></span> <span class='ocrx_word' id='word_1_51' title='bbox 254 954 322 1017; x_wconf 90' lang='lat' dir='ltr'><strong>est.</strong></span> <span class='ocrx_word' id='word_1_52' title='bbox 363 939 586 1014; x_wconf 80' lang='lat' dir='ltr'><strong>Demetrium</strong></span> <span class='ocrx_word' id='word_1_53' title='bbox 612 938 708 1013; x_wconf 88' lang='lat' dir='ltr'><strong>inter</strong></span> <span class='ocrx_word' id='word_1_54' title='bbox 733 962 839 1011; x_wconf 89' lang='lat' dir='ltr'><strong>veros</strong></span> <span class='ocrx_word' id='word_1_55' title='bbox 865 949 902 1011; x_wconf 89' lang='lat' dir='ltr'><strong>et</strong></span> <span class='ocrx_word' id='word_1_56' title='bbox 923 936 1086 1035; x_wconf 89' lang='lat' dir='ltr'><strong>antiquos</strong></span> <span class='ocrx_word' id='word_1_57' title='bbox 1104 935 1288 1032; x_wconf 77' lang='lat' dir='ltr'><strong>Atticos1)</strong></span> <span class='ocrx_word' id='word_1_58' title='bbox 1305 939 1565 1012; x_wconf 90' lang='lat' dir='ltr'><strong>numerandum</strong></span> <span class='ocrx_word' id='word_1_59' title='bbox 1592 963 1682 1027; x_wconf 89' lang='lat' dir='ltr'><strong>esse,</strong></span> <span class='ocrx_word' id='word_1_60' title='bbox 1707 938 1844 1014; x_wconf 85' lang='lat' dir='ltr'><strong>indicat</strong></span> <span class='ocrx_word' id='word_1_61' title='bbox 1856 940 1985 1014; x_wconf 83' lang='lat' dir='ltr'><strong>Cicero</strong></span> 
     </span>
     <span class='ocr_line' id='line_1_7' title="bbox 107 1058 1985 1160; baseline -0.002 -20"><span class='ocrx_word' id='word_1_62' title='bbox 107 1064 143 1140; x_wconf 91' lang='lat' dir='ltr'><strong>iu</strong></span> <span class='ocrx_word' id='word_1_63' title='bbox 174 1065 289 1139; x_wconf 81' lang='lat' dir='ltr'><strong>Bruto</strong></span> <span class='ocrx_word' id='word_1_64' title='bbox 315 1089 345 1138; x_wconf 90' lang='lat' dir='ltr'><strong>c.</strong></span> <span class='ocrx_word' id='word_1_65' title='bbox 371 1063 430 1140; x_wconf 77' lang='lat'><strong>82,</strong></span> <span class='ocrx_word' id='word_1_66' title='bbox 468 1063 533 1153; x_wconf 93' lang='lat' dir='ltr'><strong>„lu</strong></span> <span class='ocrx_word' id='word_1_67' title='bbox 558 1085 630 1160; x_wconf 91' lang='lat' dir='ltr'><strong>quo</strong></span> <span class='ocrx_word' id='word_1_68' title='bbox 657 1061 765 1135; x_wconf 89' lang='lat' dir='ltr'><strong>etiam</strong></span> <span class='ocrx_word' id='word_1_69' title='bbox 790 1059 878 1133; x_wconf 94' lang='lat' dir='ltr'><strong>illud</strong></span> <span class='ocrx_word' id='word_1_70' title='bbox 907 1082 1059 1156; x_wconf 89' lang='lat' dir='ltr'><strong>quaero,</strong></span> <span class='ocrx_word' id='word_1_71' title='bbox 1095 1058 1291 1133; x_wconf 71' lang='lat' dir='ltr'><strong>Phalereus</strong></span> <span class='ocrx_word' id='word_1_72' title='bbox 1324 1059 1384 1133; x_wconf 91' lang='lat' dir='ltr'><strong>ille</strong></span> <span class='ocrx_word' id='word_1_73' title='bbox 1412 1059 1619 1135; x_wconf 81' lang='lat' dir='ltr'><strong>Demetrius</strong></span> <span class='ocrx_word' id='word_1_74' title='bbox 1645 1063 1814 1136; x_wconf 84' lang='lat' dir='ltr'><strong>Atticene</strong></span> <span class='ocrx_word' id='word_1_75' title='bbox 1840 1061 1985 1136; x_wconf 78' lang='lat' dir='ltr'><strong>dixerit·</strong></span> 
     </span>
     <span class='ocr_line' id='line_1_8' title="bbox 108 1180 1987 1284; baseline -0.002 -23"><span class='ocrx_word' id='word_1_76' title='bbox 108 1187 197 1261; x_wconf 80' lang='lat' dir='ltr'><strong>Mihi</strong></span> <span class='ocrx_word' id='word_1_77' title='bbox 222 1186 367 1284; x_wconf 91' lang='lat' dir='ltr'><strong>quidem</strong></span> <span class='ocrx_word' id='word_1_78' title='bbox 393 1208 439 1261; x_wconf 87' lang='lat' dir='ltr'><strong>ex</strong></span> <span class='ocrx_word' id='word_1_79' title='bbox 465 1183 564 1259; x_wconf 86' lang='lat' dir='ltr'><strong>illius</strong></span> <span class='ocrx_word' id='word_1_80' title='bbox 597 1183 818 1259; x_wconf 88' lang='lat' dir='ltr'><strong>orationihus</strong></span> <span class='ocrx_word' id='word_1_81' title='bbox 843 1180 1007 1256; x_wconf 83' lang='lat' dir='ltr'><strong>redolere</strong></span> <span class='ocrx_word' id='word_1_82' title='bbox 1031 1182 1135 1279; x_wconf 80' lang='lat' dir='ltr'><strong>ipsae</strong></span> <span class='ocrx_word' id='word_1_83' title='bbox 1161 1181 1326 1256; x_wconf 82' lang='lat' dir='ltr'><strong>Athenae</strong></span> <span class='ocrx_word' id='word_1_84' title='bbox 1353 1181 1532 1256; x_wconf 84' lang='lat' dir='ltr'><strong>videntur.</strong></span> <span class='ocrx_word' id='word_1_85' title='bbox 1592 1185 1642 1257; x_wconf 82' lang='lat' dir='ltr'><strong>At</strong></span> <span class='ocrx_word' id='word_1_86' title='bbox 1667 1196 1726 1258; x_wconf 88' lang='lat' dir='ltr'><strong>cst</strong></span> <span class='ocrx_word' id='word_1_87' title='bbox 1750 1184 1919 1274; x_wconf 84' lang='lat' dir='ltr'><strong>floridior,</strong></span> <span class='ocrx_word' id='word_1_88' title='bbox 1945 1198 1987 1258; x_wconf 88' lang='lat' dir='ltr'><strong>ut</strong></span> 
     </span>
     <span class='ocr_line' id='line_1_9' title="bbox 108 1302 1987 1405; baseline -0.001 -23"><span class='ocrx_word' id='word_1_89' title='bbox 108 1309 157 1384; x_wconf 90' lang='lat' dir='ltr'><strong>ita</strong></span> <span class='ocrx_word' id='word_1_90' title='bbox 185 1309 312 1400; x_wconf 88' lang='lat' dir='ltr'><strong>dicam,</strong></span> <span class='ocrx_word' id='word_1_91' title='bbox 337 1332 443 1405; x_wconf 91' lang='lat' dir='ltr'><strong>quam</strong></span> <span class='ocrx_word' id='word_1_92' title='bbox 465 1305 689 1403; x_wconf 82' lang='lat' dir='ltr'><strong>Hyperides,</strong></span> <span class='ocrx_word' id='word_1_93' title='bbox 716 1328 821 1402; x_wconf 92' lang='lat' dir='ltr'><strong>quam</strong></span> <span class='ocrx_word' id='word_1_94' title='bbox 842 1302 993 1401; x_wconf 79' lang='lat' dir='ltr'><strong>Lysias3</strong></span> <span class='ocrx_word' id='word_1_95' title='bbox 1020 1319 1148 1379; x_wconf 87' lang='lat' dir='ltr'><strong>natura</strong></span> <span class='ocrx_word' id='word_1_96' title='bbox 1171 1304 1348 1402; x_wconf 87' lang='lat' dir='ltr'><strong>quaedam</strong></span> <span class='ocrx_word' id='word_1_97' title='bbox 1374 1318 1438 1380; x_wconf 90' lang='lat' dir='ltr'><strong>aut</strong></span> <span class='ocrx_word' id='word_1_98' title='bbox 1464 1305 1630 1381; x_wconf 81' lang='lat' dir='ltr'><strong>voluntas</strong></span> <span class='ocrx_word' id='word_1_99' title='bbox 1647 1306 1698 1380; x_wconf 88' lang='lat' dir='ltr'><strong>ita</strong></span> <span class='ocrx_word' id='word_1_100' title='bbox 1724 1306 1867 1381; x_wconf 88' lang='lat' dir='ltr'><strong>dicandi</strong></span> <span class='ocrx_word' id='word_1_101' title='bbox 1885 1306 1987 1380; x_wconf 66' lang='lat' dir='ltr'><strong>luit-“-</strong></span> 
     </span>
     <span class='ocr_line' id='line_1_10' title="bbox 109 1426 1987 1526; baseline -0.003 -19"><span class='ocrx_word' id='word_1_102' title='bbox 109 1432 278 1507; x_wconf 79' lang='lat' dir='ltr'><strong>Eundem</strong></span> <span class='ocrx_word' id='word_1_103' title='bbox 313 1430 469 1504; x_wconf 92' lang='lat' dir='ltr'><strong>medium</strong></span> <span class='ocrx_word' id='word_1_104' title='bbox 501 1430 556 1504; x_wconf 85' lang='lat' dir='ltr'><strong>vel</strong></span> <span class='ocrx_word' id='word_1_105' title='bbox 591 1440 830 1526; x_wconf 90' lang='lat' dir='ltr'><strong>temperatum</strong></span> <span class='ocrx_word' id='word_1_106' title='bbox 863 1426 1006 1502; x_wconf 87' lang='lat' dir='ltr'><strong>dicendi</strong></span> <span class='ocrx_word' id='word_1_107' title='bbox 1032 1426 1184 1526; x_wconf 80' lang='lat' dir='ltr'><strong>genus²)</strong></span> <span class='ocrx_word' id='word_1_108' title='bbox 1212 1429 1386 1517; x_wconf 79' lang='lat' dir='ltr'><strong>coluisse,</strong></span> <span class='ocrx_word' id='word_1_109' title='bbox 1419 1426 1546 1502; x_wconf 82' lang='lat' dir='ltr'><strong>Giee‘ru</strong></span> <span class='ocrx_word' id='word_1_110' title='bbox 1570 1427 1659 1502; x_wconf 89' lang='lat' dir='ltr'><strong>dicit</strong></span> <span class='ocrx_word' id='word_1_111' title='bbox 1679 1427 1715 1501; x_wconf 94' lang='lat' dir='ltr'><strong>in</strong></span> <span class='ocrx_word' id='word_1_112' title='bbox 1739 1429 1841 1502; x_wconf 85' lang='lat' dir='ltr'><strong>Orat.</strong></span> <span class='ocrx_word' id='word_1_113' title='bbox 1868 1453 1898 1501; x_wconf 89' lang='lat' dir='ltr'><strong>c.</strong></span> <span class='ocrx_word' id='word_1_114' title='bbox 1924 1427 1987 1503; x_wconf 62' lang='lat'><strong>262</strong></span> 
     </span>
     <span class='ocr_line' id='line_1_11' title="bbox 108 1549 1987 1651; baseline -0.003 -20"><span class='ocrx_word' id='word_1_115' title='bbox 108 1555 168 1634; x_wconf 70' lang='grc'><strong>21.</strong></span> <span class='ocrx_word' id='word_1_116' title='bbox 194 1553 246 1651; x_wconf 85' lang='lat'><strong>(§.</strong></span> <span class='ocrx_word' id='word_1_117' title='bbox 271 1553 467 1650; x_wconf 80' lang='lat' dir='ltr'><strong>tlt-tta.)=</strong></span> <span class='ocrx_word' id='word_1_118' title='bbox 504 1550 686 1643; x_wconf 85' lang='lat' dir='ltr'><strong>„Uberius</strong></span> <span class='ocrx_word' id='word_1_119' title='bbox 720 1563 777 1625; x_wconf 89' lang='lat' dir='ltr'><strong>est</strong></span> <span class='ocrx_word' id='word_1_120' title='bbox 801 1549 898 1624; x_wconf 89' lang='lat' dir='ltr'><strong>aliud</strong></span> <span class='ocrx_word' id='word_1_121' title='bbox 921 1551 1176 1648; x_wconf 89' lang='lat' dir='ltr'><strong>aliquantoque</strong></span> <span class='ocrx_word' id='word_1_122' title='bbox 1201 1549 1404 1640; x_wconf 74' lang='lat' dir='ltr'><strong>robustius,</strong></span> <span class='ocrx_word' id='word_1_123' title='bbox 1441 1574 1547 1649; x_wconf 90' lang='lat' dir='ltr'><strong>quam</strong></span> <span class='ocrx_word' id='word_1_124' title='bbox 1575 1551 1642 1625; x_wconf 90' lang='lat' dir='ltr'><strong>huc</strong></span> <span class='ocrx_word' id='word_1_125' title='bbox 1669 1551 1817 1642; x_wconf 91' lang='lat' dir='ltr'><strong>humile,</strong></span> <span class='ocrx_word' id='word_1_126' title='bbox 1843 1551 1890 1625; x_wconf 91' lang='lat' dir='ltr'><strong>de</strong></span> <span class='ocrx_word' id='word_1_127' title='bbox 1914 1574 1987 1649; x_wconf 90' lang='lat' dir='ltr'><strong>que</strong></span> 
     </span>
     <span class='ocr_line' id='line_1_12' title="bbox 109 1671 1987 1773; baseline -0.002 -22"><span class='ocrx_word' id='word_1_128' title='bbox 109 1678 245 1752; x_wconf 88' lang='lat' dir='ltr'><strong>dictum</strong></span> <span class='ocrx_word' id='word_1_129' title='bbox 272 1689 347 1767; x_wconf 86' lang='lat' dir='ltr'><strong>est3</strong></span> <span class='ocrx_word' id='word_1_130' title='bbox 383 1675 609 1751; x_wconf 87' lang='lat' dir='ltr'><strong>summissius</strong></span> <span class='ocrx_word' id='word_1_131' title='bbox 635 1686 775 1765; x_wconf 89' lang='lat' dir='ltr'><strong>autem,</strong></span> <span class='ocrx_word' id='word_1_132' title='bbox 802 1697 907 1772; x_wconf 91' lang='lat' dir='ltr'><strong>quem</strong></span> <span class='ocrx_word' id='word_1_133' title='bbox 931 1672 1037 1762; x_wconf 91' lang='lat' dir='ltr'><strong>illud,</strong></span> <span class='ocrx_word' id='word_1_134' title='bbox 1072 1673 1119 1746; x_wconf 92' lang='lat' dir='ltr'><strong>de</strong></span> <span class='ocrx_word' id='word_1_135' title='bbox 1141 1697 1222 1773; x_wconf 90' lang='lat' dir='ltr'><strong>quo</strong></span> <span class='ocrx_word' id='word_1_136' title='bbox 1233 1671 1309 1773; x_wconf 84' lang='lat' dir='ltr'><strong>jam</strong></span> <span class='ocrx_word' id='word_1_137' title='bbox 1334 1673 1493 1764; x_wconf 90' lang='lat' dir='ltr'><strong>dicetur,</strong></span> <span class='ocrx_word' id='word_1_138' title='bbox 1519 1672 1789 1771; x_wconf 88' lang='lat' dir='ltr'><strong>amplissimum.</strong></span> <span class='ocrx_word' id='word_1_139' title='bbox 1840 1673 1924 1749; x_wconf 87' lang='lat' dir='ltr'><strong>Hoc</strong></span> <span class='ocrx_word' id='word_1_140' title='bbox 1949 1674 1987 1748; x_wconf 88' lang='lat' dir='ltr'><strong>in</strong></span> 
     </span>
     <span class='ocr_line' id='line_1_13' title="bbox 109 1795 1986 1898; baseline -0.002 -23"><span class='ocrx_word' id='word_1_141' title='bbox 109 1824 242 1898; x_wconf 84' lang='lat' dir='ltr'><strong>genere</strong></span> <span class='ocrx_word' id='word_1_142' title='bbox 267 1822 457 1874; x_wconf 86' lang='lat' dir='ltr'><strong>nervorum</strong></span> <span class='ocrx_word' id='word_1_143' title='bbox 492 1799 549 1871; x_wconf 91' lang='lat' dir='ltr'><strong>vel</strong></span> <span class='ocrx_word' id='word_1_144' title='bbox 576 1797 776 1887; x_wconf 91' lang='lat' dir='ltr'><strong>minimum,</strong></span> <span class='ocrx_word' id='word_1_145' title='bbox 809 1795 998 1871; x_wconf 81' lang='lat' dir='ltr'><strong>suavitatis</strong></span> <span class='ocrx_word' id='word_1_146' title='bbox 1022 1810 1143 1871; x_wconf 87' lang='lat' dir='ltr'><strong>eutem</strong></span> <span class='ocrx_word' id='word_1_147' title='bbox 1175 1808 1232 1871; x_wconf 88' lang='lat' dir='ltr'><strong>est</strong></span> <span class='ocrx_word' id='word_1_148' title='bbox 1264 1797 1320 1869; x_wconf 90' lang='lat' dir='ltr'><strong>vel</strong></span> <span class='ocrx_word' id='word_1_149' title='bbox 1355 1796 1560 1893; x_wconf 89' lang='lat' dir='ltr'><strong>plurimum.</strong></span> <span class='ocrx_word' id='word_1_150' title='bbox 1620 1799 1688 1872; x_wconf 79' lang='lat' dir='ltr'><strong>ttst</strong></span> <span class='ocrx_word' id='word_1_151' title='bbox 1712 1796 1805 1871; x_wconf 90' lang='lat' dir='ltr'><strong>enim</strong></span> <span class='ocrx_word' id='word_1_152' title='bbox 1832 1796 1986 1896; x_wconf 87' lang='lat' dir='ltr'><strong>plenius,</strong></span> 
     </span>
     <span class='ocr_line' id='line_1_14' title="bbox 110 1918 1988 2020; baseline -0.001 -22"><span class='ocrx_word' id='word_1_153' title='bbox 110 1947 214 2020; x_wconf 90' lang='lat' dir='ltr'><strong>quam</strong></span> <span class='ocrx_word' id='word_1_154' title='bbox 241 1923 308 1996; x_wconf 91' lang='lat' dir='ltr'><strong>hoo</strong></span> <span class='ocrx_word' id='word_1_155' title='bbox 333 1923 586 1996; x_wconf 74' lang='lat' dir='ltr'><strong>enucleetuma</strong></span> <span class='ocrx_word' id='word_1_156' title='bbox 612 1945 717 2018; x_wconf 92' lang='lat' dir='ltr'><strong>quam</strong></span> <span class='ocrx_word' id='word_1_157' title='bbox 744 1934 865 1995; x_wconf 90' lang='lat' dir='ltr'><strong>autem</strong></span> <span class='ocrx_word' id='word_1_158' title='bbox 887 1919 974 1994; x_wconf 92' lang='lat' dir='ltr'><strong>illud</strong></span> <span class='ocrx_word' id='word_1_159' title='bbox 1000 1933 1165 1994; x_wconf 88' lang='lat' dir='ltr'><strong>ornatum</strong></span> <span class='ocrx_word' id='word_1_160' title='bbox 1186 1919 1447 2017; x_wconf 86' lang='lat' dir='ltr'><strong>copiosumque</strong></span> <span class='ocrx_word' id='word_1_161' title='bbox 1467 1918 1706 1995; x_wconf 86' lang='lat' dir='ltr'><strong>summissius.</strong></span> <span class='ocrx_word' id='word_1_162' title='bbox 1750 1918 1850 1994; x_wconf 84' lang='lat' dir='ltr'><strong>Huic</strong></span> <span class='ocrx_word' id='word_1_163' title='bbox 1867 1921 1988 1997; x_wconf 84' lang='lat' dir='ltr'><strong>omnia</strong></span> 
     </span>
     <span class='ocr_line' id='line_1_15' title="bbox 108 2042 1986 2142; baseline 0 -22"><span class='ocrx_word' id='word_1_164' title='bbox 108 2045 250 2121; x_wconf 88' lang='lat' dir='ltr'><strong>dicendi</strong></span> <span class='ocrx_word' id='word_1_165' title='bbox 277 2059 488 2120; x_wconf 88' lang='lat' dir='ltr'><strong>ornamenta</strong></span> <span class='ocrx_word' id='word_1_166' title='bbox 514 2045 749 2134; x_wconf 88' lang='lat' dir='ltr'><strong>conveniunt,</strong></span> <span class='ocrx_word' id='word_1_167' title='bbox 785 2043 1050 2142; x_wconf 90' lang='lat' dir='ltr'><strong>plurimumque</strong></span> <span class='ocrx_word' id='word_1_168' title='bbox 1081 2043 1206 2118; x_wconf 86' lang='lat' dir='ltr'><strong>estin</strong></span> <span class='ocrx_word' id='word_1_169' title='bbox 1239 2042 1308 2116; x_wconf 85' lang='lat' dir='ltr'><strong>hac</strong></span> <span class='ocrx_word' id='word_1_170' title='bbox 1341 2042 1515 2118; x_wconf 90' lang='lat' dir='ltr'><strong>orationis</strong></span> <span class='ocrx_word' id='word_1_171' title='bbox 1549 2043 1662 2117; x_wconf 81' lang='lat' dir='ltr'><strong>forma</strong></span> <span class='ocrx_word' id='word_1_172' title='bbox 1691 2043 1893 2121; x_wconf 84' lang='lat' dir='ltr'><strong>suavitatis.</strong></span> <span class='ocrx_word' id='word_1_173' title='bbox 1942 2046 1986 2120; x_wconf 90' lang='lat' dir='ltr'><strong>lu</strong></span> 
     </span>
     <span class='ocr_line' id='line_1_16' title="bbox 108 2165 1989 2265; baseline 0.001 -23"><span class='ocrx_word' id='word_1_174' title='bbox 108 2193 177 2265; x_wconf 91' lang='lat' dir='ltr'><strong>qua</strong></span> <span class='ocrx_word' id='word_1_175' title='bbox 213 2169 315 2242; x_wconf 91' lang='lat' dir='ltr'><strong>multi</strong></span> <span class='ocrx_word' id='word_1_176' title='bbox 348 2170 550 2241; x_wconf 85' lang='lat' dir='ltr'><strong>floruerunt</strong></span> <span class='ocrx_word' id='word_1_177' title='bbox 588 2170 685 2263; x_wconf 90' lang='lat' dir='ltr'><strong>apud</strong></span> <span class='ocrx_word' id='word_1_178' title='bbox 722 2165 908 2240; x_wconf 78' lang='lat' dir='ltr'><strong>Graecast</strong></span> <span class='ocrx_word' id='word_1_179' title='bbox 946 2165 1011 2239; x_wconf 89' lang='lat' dir='ltr'><strong>sed</strong></span> <span class='ocrx_word' id='word_1_180' title='bbox 1049 2165 1247 2240; x_wconf 89' lang='lat' dir='ltr'><strong>Phalereus</strong></span> <span class='ocrx_word' id='word_1_181' title='bbox 1284 2165 1490 2240; x_wconf 80' lang='lat' dir='ltr'><strong>ilemetrius</strong></span> <span class='ocrx_word' id='word_1_182' title='bbox 1526 2190 1605 2239; x_wconf 91' lang='lat' dir='ltr'><strong>meo</strong></span> <span class='ocrx_word' id='word_1_183' title='bbox 1633 2165 1771 2265; x_wconf 88' lang='lat' dir='ltr'><strong>judicio</strong></span> <span class='ocrx_word' id='word_1_184' title='bbox 1806 2167 1989 2265; x_wconf 84' lang='lat' dir='ltr'><strong>praestitit</strong></span> 
     </span>
     <span class='ocr_line' id='line_1_17' title="bbox 109 2285 1988 2386; baseline 0.002 -23"><span class='ocrx_word' id='word_1_185' title='bbox 109 2288 262 2378; x_wconf 83' lang='lat' dir='ltr'><strong>cctaris3</strong></span> <span class='ocrx_word' id='word_1_186' title='bbox 297 2288 402 2385; x_wconf 87' lang='lat' dir='ltr'><strong>cujus</strong></span> <span class='ocrx_word' id='word_1_187' title='bbox 436 2288 550 2360; x_wconf 87' lang='lat' dir='ltr'><strong>oratio</strong></span> <span class='ocrx_word' id='word_1_188' title='bbox 582 2310 662 2360; x_wconf 91' lang='lat' dir='ltr'><strong>cum</strong></span> <span class='ocrx_word' id='word_1_189' title='bbox 690 2286 817 2359; x_wconf 89' lang='lat' dir='ltr'><strong>sedete</strong></span> <span class='ocrx_word' id='word_1_190' title='bbox 843 2285 1055 2384; x_wconf 84' lang='lat' dir='ltr'><strong>placideque</strong></span> <span class='ocrx_word' id='word_1_191' title='bbox 1081 2287 1255 2383; x_wconf 91' lang='lat' dir='ltr'><strong>loquitur,</strong></span> <span class='ocrx_word' id='word_1_192' title='bbox 1291 2299 1365 2360; x_wconf 90' lang='lat' dir='ltr'><strong>tum</strong></span> <span class='ocrx_word' id='word_1_193' title='bbox 1395 2287 1579 2361; x_wconf 90' lang='lat' dir='ltr'><strong>illustrant</strong></span> <span class='ocrx_word' id='word_1_194' title='bbox 1603 2313 1699 2378; x_wconf 89' lang='lat' dir='ltr'><strong>eam,</strong></span> <span class='ocrx_word' id='word_1_195' title='bbox 1731 2291 1835 2386; x_wconf 89' lang='lat' dir='ltr'><strong>quasi</strong></span> <span class='ocrx_word' id='word_1_196' title='bbox 1859 2291 1988 2367; x_wconf 84' lang='lat' dir='ltr'><strong>stellae</strong></span> 
     </span>
     <span class='ocr_line' id='line_1_18' title="bbox 109 2397 1986 2517; baseline 0.002 -32"><span class='ocrx_word' id='word_1_197' title='bbox 109 2411 297 2510; x_wconf 89' lang='lat' dir='ltr'><strong>quaedam,</strong></span> <span class='ocrx_word' id='word_1_198' title='bbox 324 2410 455 2484; x_wconf 86' lang='lat' dir='ltr'><strong>tralata</strong></span> <span class='ocrx_word' id='word_1_199' title='bbox 482 2409 590 2484; x_wconf 83' lang='lat' dir='ltr'><strong>verita</strong></span> <span class='ocrx_word' id='word_1_200' title='bbox 617 2421 726 2507; x_wconf 92' lang='lat' dir='ltr'><strong>atque</strong></span> <span class='ocrx_word' id='word_1_201' title='bbox 749 2408 946 2484; x_wconf 87' lang='lat' dir='ltr'><strong>immutata.</strong></span> <span class='ocrx_word' id='word_1_202' title='bbox 999 2407 1146 2484; x_wconf 81' lang='lat' dir='ltr'><strong>Tralata</strong></span> <span class='ocrx_word' id='word_1_203' title='bbox 1172 2432 1214 2482; x_wconf 88' lang='lat' dir='ltr'><strong>ea</strong></span> <span class='ocrx_word' id='word_1_204' title='bbox 1239 2407 1332 2499; x_wconf 89' lang='lat' dir='ltr'><strong>dicu,</strong></span> <span class='ocrx_word' id='word_1_205' title='bbox 1360 2419 1402 2483; x_wconf 88' lang='lat' dir='ltr'><strong>ut</strong></span> <span class='ocrx_word' id='word_1_206' title='bbox 1427 2397 1642 2517; x_wconf 78' lang='lat' dir='ltr'><strong>seepe&#39;jam</strong></span> <span class='ocrx_word' id='word_1_207' title='bbox 1677 2433 1771 2508; x_wconf 88' lang='lat' dir='ltr'><strong>quae</strong></span> <span class='ocrx_word' id='word_1_208' title='bbox 1797 2436 1862 2511; x_wconf 90' lang='lat' dir='ltr'><strong>per</strong></span> <span class='ocrx_word' id='word_1_209' title='bbox 1887 2413 1986 2488; x_wconf 90' lang='lat' dir='ltr'><strong>simi-</strong></span> 
     </span>
     <span class='ocr_line' id='line_1_19' title="bbox 110 2530 1986 2636; baseline 0.003 -28"><span class='ocrx_word' id='word_1_210' title='bbox 110 2533 298 2608; x_wconf 90' lang='lat' dir='ltr'><strong>litudinem</strong></span> <span class='ocrx_word' id='word_1_211' title='bbox 330 2535 375 2606; x_wconf 82' lang='lat' dir='ltr'><strong>al)</strong></span> <span class='ocrx_word' id='word_1_212' title='bbox 410 2533 477 2607; x_wconf 90' lang='lat' dir='ltr'><strong>alia</strong></span> <span class='ocrx_word' id='word_1_213' title='bbox 510 2555 551 2606; x_wconf 89' lang='lat' dir='ltr'><strong>re</strong></span> <span class='ocrx_word' id='word_1_214' title='bbox 583 2546 647 2607; x_wconf 88' lang='lat' dir='ltr'><strong>aut</strong></span> <span class='ocrx_word' id='word_1_215' title='bbox 680 2530 869 2606; x_wconf 84' lang='lat' dir='ltr'><strong>suavitatis</strong></span> <span class='ocrx_word' id='word_1_216' title='bbox 895 2542 958 2606; x_wconf 89' lang='lat' dir='ltr'><strong>aut</strong></span> <span class='ocrx_word' id='word_1_217' title='bbox 981 2531 1126 2632; x_wconf 89' lang='lat' dir='ltr'><strong>inopiae</strong></span> <span class='ocrx_word' id='word_1_218' title='bbox 1150 2555 1265 2606; x_wconf 30' lang='lat' dir='ltr'><strong>causa*</strong></span> <span class='ocrx_word' id='word_1_219' title='bbox 1285 2531 1565 2608; x_wconf 79' lang='lat' dir='ltr'><strong>transferuntur.</strong></span> <span class='ocrx_word' id='word_1_220' title='bbox 1621 2534 1829 2628; x_wconf 72' lang='lat' dir='ltr'><strong>notatam</strong></span> <span class='ocrx_word' id='word_1_221' title='bbox 1856 2537 1986 2636; x_wconf 87' lang='lat' dir='ltr'><strong>quibua</strong></span> 
     </span>
     <span class='ocr_line' id='line_1_20' title="bbox 111 2653 1984 2766; baseline 0.004 -36"><span class='ocrx_word' id='word_1_222' title='bbox 111 2657 313 2754; x_wconf 81' lang='lat' dir='ltr'><strong>proverbe</strong></span> <span class='ocrx_word' id='word_1_223' title='bbox 349 2654 495 2755; x_wconf 90' lang='lat' dir='ltr'><strong>propriu</strong></span> <span class='ocrx_word' id='word_1_224' title='bbox 531 2653 721 2756; x_wconf 87' lang='lat' dir='ltr'><strong>subjicitur</strong></span> <span class='ocrx_word' id='word_1_225' title='bbox 746 2654 860 2745; x_wconf 91' lang='lat' dir='ltr'><strong>eliud,</strong></span> <span class='ocrx_word' id='word_1_226' title='bbox 894 2653 989 2752; x_wconf 90' lang='lat' dir='ltr'><strong>quod</strong></span> <span class='ocrx_word' id='word_1_227' title='bbox 1023 2654 1117 2729; x_wconf 88' lang='lat' dir='ltr'><strong>idem</strong></span> <span class='ocrx_word' id='word_1_228' title='bbox 1151 2653 1347 2760; x_wconf 83' lang='lat' dir='ltr'><strong>significat,</strong></span> <span class='ocrx_word' id='word_1_229' title='bbox 1382 2667 1541 2736; x_wconf 81' lang='lat' dir='ltr'><strong>sumtum</strong></span> <span class='ocrx_word' id='word_1_230' title='bbox 1574 2681 1621 2733; x_wconf 86' lang='lat' dir='ltr'><strong>ex</strong></span> <span class='ocrx_word' id='word_1_231' title='bbox 1649 2682 1689 2734; x_wconf 89' lang='lat' dir='ltr'><strong>re</strong></span> <span class='ocrx_word' id='word_1_232' title='bbox 1714 2659 1833 2766; x_wconf 90' lang='lat' dir='ltr'><strong>aliqua</strong></span> <span class='ocrx_word' id='word_1_233' title='bbox 1858 2686 1984 2739; x_wconf 90' lang='lat' dir='ltr'><strong>conse-</strong></span> 
     </span>
     <span class='ocr_line' id='line_1_21' title="bbox 108 2776 1985 2883; baseline 0.002 -28"><span class='ocrx_word' id='word_1_234' title='bbox 108 2782 243 2879; x_wconf 85' lang='lat' dir='ltr'><strong>quenti.</strong></span> <span class='ocrx_word' id='word_1_235' title='bbox 269 2823 318 2836; x_wconf 94' lang='lat'>—</span> <span class='ocrx_word' id='word_1_236' title='bbox 345 2779 454 2854; x_wconf 86' lang='lat' dir='ltr'><strong>Hanc</strong></span> <span class='ocrx_word' id='word_1_237' title='bbox 480 2780 698 2877; x_wconf 75' lang='lat' dir='ltr'><strong>hypallagen</strong></span> <span class='ocrx_word' id='word_1_238' title='bbox 726 2778 905 2869; x_wconf 86' lang='lat' dir='ltr'><strong>rhetores,</strong></span> <span class='ocrx_word' id='word_1_239' title='bbox 935 2776 1023 2875; x_wconf 68' lang='lat' dir='ltr'><strong>‘quia</strong></span> <span class='ocrx_word' id='word_1_240' title='bbox 1053 2778 1155 2877; x_wconf 89' lang='lat' dir='ltr'><strong>quasi</strong></span> <span class='ocrx_word' id='word_1_241' title='bbox 1188 2789 1458 2856; x_wconf 86' lang='lat' dir='ltr'><strong>summutantur</strong></span> <span class='ocrx_word' id='word_1_242' title='bbox 1493 2781 1601 2860; x_wconf 82' lang='lat' dir='ltr'><strong>verbe</strong></span> <span class='ocrx_word' id='word_1_243' title='bbox 1635 2807 1702 2883; x_wconf 91' lang='lat' dir='ltr'><strong>pro</strong></span> <span class='ocrx_word' id='word_1_244' title='bbox 1732 2783 1872 2861; x_wconf 79' lang='lat' dir='ltr'><strong>verbisa</strong></span> <span class='ocrx_word' id='word_1_245' title='bbox 1910 2811 1985 2860; x_wconf 81' lang='lat' dir='ltr'><strong>me·</strong></span> 
     </span>
     <span class='ocr_line' id='line_1_22' title="bbox 109 2900 1984 2997; baseline 0.003 -21"><span class='ocrx_word' id='word_1_246' title='bbox 109 2901 306 2997; x_wconf 88' lang='lat' dir='ltr'><strong>tonymiam</strong></span> <span class='ocrx_word' id='word_1_247' title='bbox 335 2901 556 2997; x_wconf 75' lang='lat' dir='ltr'><strong>grammatici</strong></span> <span class='ocrx_word' id='word_1_248' title='bbox 584 2911 724 2989; x_wconf 89' lang='lat' dir='ltr'><strong>vocant,</strong></span> <span class='ocrx_word' id='word_1_249' title='bbox 751 2900 846 2997; x_wconf 92' lang='lat' dir='ltr'><strong>quod</strong></span> <span class='ocrx_word' id='word_1_250' title='bbox 874 2900 1016 2979; x_wconf 90' lang='lat' dir='ltr'><strong>nomine</strong></span> <span class='ocrx_word' id='word_1_251' title='bbox 1043 2902 1320 2980; x_wconf 75' lang='lat' dir='ltr'><strong>transferuntur.</strong></span> <span class='ocrx_word' id='word_1_252' title='bbox 1371 2904 1588 2981; x_wconf 78' lang='lat' dir='ltr'><strong>Aristotelea</strong></span> <span class='ocrx_word' id='word_1_253' title='bbox 1614 2918 1733 2983; x_wconf 90' lang='lat' dir='ltr'><strong>autem</strong></span> <span class='ocrx_word' id='word_1_254' title='bbox 1760 2909 1984 2984; x_wconf 79' lang='lat' dir='ltr'><strong>uaastattmt</strong></span> 
     </span>
     <span class='ocr_line' id='line_1_23' title="bbox 109 3019 1985 3122; baseline 0.003 -24"><span class='ocrx_word' id='word_1_255' title='bbox 109 3026 198 3099; x_wconf 91' lang='lat' dir='ltr'><strong>haec</strong></span> <span class='ocrx_word' id='word_1_256' title='bbox 223 3024 304 3122; x_wconf 90' lang='lat' dir='ltr'><strong>ipse</strong></span> <span class='ocrx_word' id='word_1_257' title='bbox 329 3021 515 3120; x_wconf 85' lang='lat' dir='ltr'><strong>subjungit</strong></span> <span class='ocrx_word' id='word_1_258' title='bbox 539 3033 577 3096; x_wconf 89' lang='lat' dir='ltr'><strong>et</strong></span> <span class='ocrx_word' id='word_1_259' title='bbox 600 3022 827 3112; x_wconf 88' lang='lat' dir='ltr'><strong>abusionem,</strong></span> <span class='ocrx_word' id='word_1_260' title='bbox 860 3046 965 3119; x_wconf 90' lang='lat' dir='ltr'><strong>quam</strong></span> <span class='ocrx_word' id='word_1_261' title='bbox 991 3019 1218 3122; x_wconf 78' lang='grc' dir='ltr'><strong><em>κατάχρησιν</em></strong></span> <span class='ocrx_word' id='word_1_262' title='bbox 1245 3040 1392 3102; x_wconf 70' lang='lat' dir='ltr'><strong>vocante</strong></span> <span class='ocrx_word' id='word_1_263' title='bbox 1430 3036 1488 3117; x_wconf 85' lang='lat' dir='ltr'><strong>ut,</strong></span> <span class='ocrx_word' id='word_1_264' title='bbox 1520 3051 1603 3122; x_wconf 88' lang='lat' dir='ltr'><strong>cum</strong></span> <span class='ocrx_word' id='word_1_265' title='bbox 1630 3029 1806 3103; x_wconf 88' lang='lat' dir='ltr'><strong>minutum</strong></span> <span class='ocrx_word' id='word_1_266' title='bbox 1831 3029 1985 3105; x_wconf 80' lang='lat' dir='ltr'><strong>dicimus</strong></span> 
     </span>
     <span class='ocr_line' id='line_1_24' title="bbox 108 3143 1984 3247; baseline 0.003 -24"><span class='ocrx_word' id='word_1_267' title='bbox 108 3147 266 3224; x_wconf 85' lang='lat' dir='ltr'><strong>animum</strong></span> <span class='ocrx_word' id='word_1_268' title='bbox 299 3171 367 3246; x_wconf 92' lang='lat' dir='ltr'><strong>pro</strong></span> <span class='ocrx_word' id='word_1_269' title='bbox 396 3170 509 3243; x_wconf 84' lang='lat' dir='ltr'><strong>parve</strong></span> <span class='ocrx_word' id='word_1_270' title='bbox 541 3155 579 3220; x_wconf 88' lang='lat' dir='ltr'><strong>et</strong></span> <span class='ocrx_word' id='word_1_271' title='bbox 610 3143 792 3219; x_wconf 87' lang='lat' dir='ltr'><strong>abutimur</strong></span> <span class='ocrx_word' id='word_1_272' title='bbox 817 3144 938 3220; x_wconf 80' lang='lat' dir='ltr'><strong>verbis</strong></span> <span class='ocrx_word' id='word_1_273' title='bbox 970 3147 1197 3245; x_wconf 82' lang='lat' dir='ltr'><strong>propinquis,</strong></span> <span class='ocrx_word' id='word_1_274' title='bbox 1231 3149 1262 3223; x_wconf 87' lang='lat' dir='ltr'><strong>ei</strong></span> <span class='ocrx_word' id='word_1_275' title='bbox 1288 3172 1382 3246; x_wconf 88' lang='lat' dir='ltr'><strong>opus</strong></span> <span class='ocrx_word' id='word_1_276' title='bbox 1415 3163 1487 3241; x_wconf 89' lang='lat' dir='ltr'><strong>est,</strong></span> <span class='ocrx_word' id='word_1_277' title='bbox 1523 3151 1579 3223; x_wconf 83' lang='lat' dir='ltr'><strong>vel</strong></span> <span class='ocrx_word' id='word_1_278' title='bbox 1606 3150 1702 3247; x_wconf 94' lang='lat' dir='ltr'><strong>quod</strong></span> <span class='ocrx_word' id='word_1_279' title='bbox 1726 3151 1899 3243; x_wconf 86' lang='lat' dir='ltr'><strong>delectat,</strong></span> <span class='ocrx_word' id='word_1_280' title='bbox 1926 3153 1984 3229; x_wconf 86' lang='lat' dir='ltr'><strong>vel</strong></span> 
     </span>
     <span class='ocr_line' id='line_1_25' title="bbox 108 3269 1982 3371; baseline 0.006 -27"><span class='ocrx_word' id='word_1_281' title='bbox 108 3269 205 3370; x_wconf 89' lang='lat' dir='ltr'><strong>quod</strong></span> <span class='ocrx_word' id='word_1_282' title='bbox 229 3270 346 3344; x_wconf 86' lang='lat' dir='ltr'><strong>decet.</strong></span> <span class='ocrx_word' id='word_1_283' title='bbox 405 3270 487 3344; x_wconf 79' lang='lat' dir='ltr'><strong>dam</strong></span> <span class='ocrx_word' id='word_1_284' title='bbox 521 3291 602 3342; x_wconf 91' lang='lat' dir='ltr'><strong>cum</strong></span> <span class='ocrx_word' id='word_1_285' title='bbox 634 3269 821 3343; x_wconf 84' lang='lat' dir='ltr'><strong>fluxerunt</strong></span> <span class='ocrx_word' id='word_1_286' title='bbox 855 3269 979 3366; x_wconf 89' lang='lat' dir='ltr'><strong>plures</strong></span> <span class='ocrx_word' id='word_1_287' title='bbox 1012 3270 1204 3344; x_wconf 90' lang='lat' dir='ltr'><strong>continuae</strong></span> <span class='ocrx_word' id='word_1_288' title='bbox 1238 3269 1508 3360; x_wconf 86' lang='lat' dir='ltr'><strong>translationes,</strong></span> <span class='ocrx_word' id='word_1_289' title='bbox 1544 3271 1615 3346; x_wconf 88' lang='lat' dir='ltr'><strong>alia</strong></span> <span class='ocrx_word' id='word_1_290' title='bbox 1650 3275 1755 3371; x_wconf 91' lang='lat' dir='ltr'><strong>plane</strong></span> <span class='ocrx_word' id='word_1_291' title='bbox 1788 3272 1830 3349; x_wconf 85' lang='lat' dir='ltr'><strong>ttt</strong></span> <span class='ocrx_word' id='word_1_292' title='bbox 1858 3277 1982 3355; x_wconf 90' lang='lat' dir='ltr'><strong>oratio.</strong></span> 
     </span>
     <span class='ocr_line' id='line_1_26' title="bbox 111 3389 1984 3497; baseline 0.004 -29"><span class='ocrx_word' id='word_1_293' title='bbox 111 3393 240 3491; x_wconf 92' lang='lat' dir='ltr'><strong>ltaque</strong></span> <span class='ocrx_word' id='word_1_294' title='bbox 265 3417 382 3492; x_wconf 85' lang='lat' dir='ltr'><strong>genua</strong></span> <span class='ocrx_word' id='word_1_295' title='bbox 408 3392 478 3466; x_wconf 90' lang='lat' dir='ltr'><strong>hec</strong></span> <span class='ocrx_word' id='word_1_296' title='bbox 500 3389 635 3466; x_wconf 86' lang='lat' dir='ltr'><strong>Graeci</strong></span> <span class='ocrx_word' id='word_1_297' title='bbox 658 3391 843 3489; x_wconf 88' lang='lat' dir='ltr'><strong>appellant</strong></span> <span class='ocrx_word' id='word_1_298' title='bbox 867 3392 1094 3488; x_wconf 67' lang='grc' dir='ltr'><em>ἀλληγορίαν,</em></span> <span class='ocrx_word' id='word_1_299' title='bbox 1121 3393 1263 3466; x_wconf 89' lang='lat' dir='ltr'><strong>nomine</strong></span> <span class='ocrx_word' id='word_1_300' title='bbox 1286 3402 1396 3483; x_wconf 87' lang='lat' dir='ltr'><strong>recte,</strong></span> <span class='ocrx_word' id='word_1_301' title='bbox 1421 3417 1553 3491; x_wconf 84' lang='lat' dir='ltr'><strong>genere</strong></span> <span class='ocrx_word' id='word_1_302' title='bbox 1578 3395 1707 3471; x_wconf 89' lang='lat' dir='ltr'><strong>melius</strong></span> <span class='ocrx_word' id='word_1_303' title='bbox 1731 3396 1802 3488; x_wconf 85' lang='lat' dir='ltr'><strong>ille,</strong></span> <span class='ocrx_word' id='word_1_304' title='bbox 1827 3398 1889 3497; x_wconf 94' lang='lat' dir='ltr'><strong>qui</strong></span> <span class='ocrx_word' id='word_1_305' title='bbox 1915 3399 1984 3476; x_wconf 89' lang='lat' dir='ltr'><strong>ista</strong></span> 
     </span>
     <span class='ocr_line' id='line_1_27' title="bbox 108 3512 1983 3620; baseline 0.004 -30"><span class='ocrx_word' id='word_1_306' title='bbox 108 3517 227 3592; x_wconf 90' lang='lat' dir='ltr'><strong>omnia</strong></span> <span class='ocrx_word' id='word_1_307' title='bbox 262 3514 516 3591; x_wconf 83' lang='lat' dir='ltr'><strong>translationes</strong></span> <span class='ocrx_word' id='word_1_308' title='bbox 550 3525 663 3590; x_wconf 84' lang='lat' dir='ltr'><strong>vocat.</strong></span> <span class='ocrx_word' id='word_1_309' title='bbox 729 3512 849 3588; x_wconf 86' lang='lat' dir='ltr'><strong>Haec</strong></span> <span class='ocrx_word' id='word_1_310' title='bbox 888 3514 1159 3613; x_wconf 81' lang='lat' dir='ltr'><strong>frequentat</strong></span> <span class='ocrx_word' id='word_1_311' title='bbox 1197 3513 1453 3591; x_wconf 83' lang='lat' dir='ltr'><strong>Phalereus</strong></span> <span class='ocrx_word' id='word_1_312' title='bbox 1492 3518 1682 3597; x_wconf 85' lang='lat' dir='ltr'><strong>maxime</strong></span> <span class='ocrx_word' id='word_1_313' title='bbox 1712 3530 1870 3620; x_wconf 89' lang='lat' dir='ltr'><strong>suntque</strong></span> <span class='ocrx_word' id='word_1_314' title='bbox 1901 3521 1983 3600; x_wconf 86' lang='lat' dir='ltr'><strong>dul-</strong></span> 
     </span>
     <span class='ocr_line' id='line_1_28' title="bbox 109 3635 1982 3744; baseline 0.004 -29"><span class='ocrx_word' id='word_1_315' title='bbox 109 3641 278 3718; x_wconf 75' lang='lat' dir='ltr'><strong>cissimas</strong></span> <span class='ocrx_word' id='word_1_316' title='bbox 317 3651 354 3715; x_wconf 89' lang='lat' dir='ltr'><strong>et</strong></span> <span class='ocrx_word' id='word_1_317' title='bbox 386 3660 600 3738; x_wconf 86' lang='lat' dir='ltr'><strong>quamquam</strong></span> <span class='ocrx_word' id='word_1_318' title='bbox 635 3635 823 3712; x_wconf 90' lang='lat' dir='ltr'><strong>translatio</strong></span> <span class='ocrx_word' id='word_1_319' title='bbox 855 3651 910 3712; x_wconf 89' lang='lat' dir='ltr'><strong>est</strong></span> <span class='ocrx_word' id='word_1_320' title='bbox 942 3638 1039 3738; x_wconf 90' lang='lat' dir='ltr'><strong>apud</strong></span> <span class='ocrx_word' id='word_1_321' title='bbox 1074 3662 1155 3714; x_wconf 91' lang='lat' dir='ltr'><strong>eum</strong></span> <span class='ocrx_word' id='word_1_322' title='bbox 1190 3639 1318 3729; x_wconf 89' lang='lat' dir='ltr'><strong>multa,</strong></span> <span class='ocrx_word' id='word_1_323' title='bbox 1353 3650 1472 3714; x_wconf 88' lang='lat' dir='ltr'><strong>tamen</strong></span> <span class='ocrx_word' id='word_1_324' title='bbox 1506 3641 1772 3719; x_wconf 87' lang='lat' dir='ltr'><strong>immutationes</strong></span> <span class='ocrx_word' id='word_1_325' title='bbox 1806 3669 1982 3744; x_wconf 90' lang='lat' dir='ltr'><strong>nusquam</strong></span> 
     </span>
     <span class='ocr_line' id='line_1_29' title="bbox 110 3759 1984 3865; baseline 0.003 -27"><span class='ocrx_word' id='word_1_326' title='bbox 110 3761 323 3842; x_wconf 87' lang='lat' dir='ltr'><strong>crebriores.</strong></span> <span class='ocrx_word' id='word_1_327' title='bbox 360 3763 400 3836; x_wconf 92' lang='lat' dir='ltr'><strong>lu</strong></span> <span class='ocrx_word' id='word_1_328' title='bbox 426 3763 520 3839; x_wconf 91' lang='lat' dir='ltr'><strong>idem</strong></span> <span class='ocrx_word' id='word_1_329' title='bbox 549 3786 663 3860; x_wconf 87' lang='lat' dir='ltr'><strong>genna</strong></span> <span class='ocrx_word' id='word_1_330' title='bbox 688 3759 860 3835; x_wconf 87' lang='lat' dir='ltr'><strong>erationis</strong></span> <span class='ocrx_word' id='word_1_331' title='bbox 885 3760 1029 3860; x_wconf 90' lang='lat' dir='ltr'><strong>(loquor</strong></span> <span class='ocrx_word' id='word_1_332' title='bbox 1046 3761 1140 3840; x_wconf 91' lang='lat' dir='ltr'><strong>enim</strong></span> <span class='ocrx_word' id='word_1_333' title='bbox 1164 3761 1211 3836; x_wconf 92' lang='lat' dir='ltr'><strong>de</strong></span> <span class='ocrx_word' id='word_1_334' title='bbox 1234 3762 1294 3837; x_wconf 91' lang='lat' dir='ltr'><strong>illa</strong></span> <span class='ocrx_word' id='word_1_335' title='bbox 1321 3760 1525 3840; x_wconf 85' lang='lat' dir='ltr'><strong>mediceae</strong></span> <span class='ocrx_word' id='word_1_336' title='bbox 1550 3772 1766 3865; x_wconf 83' lang='lat' dir='ltr'><strong>temperata)</strong></span> <span class='ocrx_word' id='word_1_337' title='bbox 1793 3773 1984 3846; x_wconf 79' lang='lat' dir='ltr'><strong>verborum</strong></span> 
     </span>
    </p>
   </div>
   <div class='ocr_carea' id='block_1_2' title="bbox 155 4012 2019 4741">
    <p class='ocr_par' dir='ltr' id='par_1_2' title="bbox 155 4012 2019 4741">
     <span class='ocr_line' id='line_1_30' title="bbox 155 4012 1982 4098; baseline 0.002 -17"><span class='ocrx_word' id='word_1_338' title='bbox 155 4012 181 4087; x_wconf 91' lang='lat'><strong>¹)</strong></span> <span class='ocrx_word' id='word_1_339' title='bbox 203 4014 412 4096; x_wconf 85' lang='lat' dir='ltr'><strong>Eloquentiam</strong></span> <span class='ocrx_word' id='word_1_340' title='bbox 435 4014 464 4075; x_wconf 92' lang='lat' dir='ltr'><strong>in</strong></span> <span class='ocrx_word' id='word_1_341' title='bbox 487 4015 541 4076; x_wconf 86' lang='lat' dir='ltr'><strong>tria</strong></span> <span class='ocrx_word' id='word_1_342' title='bbox 562 4014 611 4076; x_wconf 89' lang='lat' dir='ltr'><strong>illa</strong></span> <span class='ocrx_word' id='word_1_343' title='bbox 636 4033 756 4095; x_wconf 81' lang='lat' dir='ltr'><strong>genera,</strong></span> <span class='ocrx_word' id='word_1_344' title='bbox 780 4015 920 4089; x_wconf 80' lang='lat' dir='ltr'><strong>Atticum,</strong></span> <span class='ocrx_word' id='word_1_345' title='bbox 941 4014 1097 4092; x_wconf 84' lang='lat' dir='ltr'><strong>Rhodium,</strong></span> <span class='ocrx_word' id='word_1_346' title='bbox 1120 4016 1261 4079; x_wconf 80' lang='lat' dir='ltr'><strong>Asianum</strong></span> <span class='ocrx_word' id='word_1_347' title='bbox 1282 4016 1421 4080; x_wconf 87' lang='lat' dir='ltr'><strong>rhetores</strong></span> <span class='ocrx_word' id='word_1_348' title='bbox 1442 4021 1613 4098; x_wconf 86' lang='lat' dir='ltr'><strong>partiuntur.</strong></span> <span class='ocrx_word' id='word_1_349' title='bbox 1647 4021 1708 4082; x_wconf 81' lang='lat' dir='ltr'><strong>Cio.</strong></span> <span class='ocrx_word' id='word_1_350' title='bbox 1733 4021 1761 4081; x_wconf 87' lang='lat' dir='ltr'><strong>in</strong></span> <span class='ocrx_word' id='word_1_351' title='bbox 1784 4019 1982 4086; x_wconf 80' lang='lat' dir='ltr'><strong>Brutoo.13.</strong></span> 
     </span>
     <span class='ocr_line' id='line_1_31' title="bbox 209 4119 2019 4209; baseline 0.001 -17"><span class='ocrx_word' id='word_1_352' title='bbox 209 4125 301 4192; x_wconf 65' lang='lat' dir='ltr'><strong>„Nem</strong></span> <span class='ocrx_word' id='word_1_353' title='bbox 324 4129 356 4185; x_wconf 89' lang='lat' dir='ltr'><strong>nt</strong></span> <span class='ocrx_word' id='word_1_354' title='bbox 377 4119 470 4185; x_wconf 89' lang='lat' dir='ltr'><strong>semel</strong></span> <span class='ocrx_word' id='word_1_355' title='bbox 492 4139 510 4183; x_wconf 94' lang='lat' dir='ltr'><strong>e</strong></span> <span class='ocrx_word' id='word_1_356' title='bbox 531 4122 623 4182; x_wconf 81' lang='lat' dir='ltr'><strong>Pireo</strong></span> <span class='ocrx_word' id='word_1_357' title='bbox 646 4122 818 4204; x_wconf 88' lang='lat' dir='ltr'><strong>eloquentia</strong></span> <span class='ocrx_word' id='word_1_358' title='bbox 840 4129 945 4186; x_wconf 82' lang='lat' dir='ltr'><strong>evecta</strong></span> <span class='ocrx_word' id='word_1_359' title='bbox 967 4129 1030 4198; x_wconf 89' lang='lat' dir='ltr'><strong>est,</strong></span> <span class='ocrx_word' id='word_1_360' title='bbox 1059 4139 1162 4185; x_wconf 89' lang='lat' dir='ltr'><strong>omnes</strong></span> <span class='ocrx_word' id='word_1_361' title='bbox 1189 4126 1358 4204; x_wconf 83' lang='lat' dir='ltr'><strong>peragravit</strong></span> <span class='ocrx_word' id='word_1_362' title='bbox 1379 4125 1504 4199; x_wconf 85' lang='lat' dir='ltr'><strong>insulas,</strong></span> <span class='ocrx_word' id='word_1_363' title='bbox 1534 4133 1625 4206; x_wconf 85' lang='lat' dir='ltr'><strong>atque</strong></span> <span class='ocrx_word' id='word_1_364' title='bbox 1650 4128 1690 4188; x_wconf 83' lang='lat' dir='ltr'><strong>ita</strong></span> <span class='ocrx_word' id='word_1_365' title='bbox 1712 4129 1899 4209; x_wconf 74' lang='lat' dir='ltr'><strong>peregrinata</strong></span> <span class='ocrx_word' id='word_1_366' title='bbox 1922 4137 1983 4194; x_wconf 82' lang='lat' dir='ltr'><strong>totu</strong></span> <span class='ocrx_word' id='word_1_367' title='bbox 2013 4183 2019 4193; x_wconf 93' lang='lat'><em>.</em></span> 
     </span>
     <span class='ocr_line' id='line_1_32' title="bbox 209 4228 1983 4319; baseline 0.005 -27"><span class='ocrx_word' id='word_1_368' title='bbox 209 4231 280 4292; x_wconf 78' lang='lat' dir='ltr'><strong>Asia</strong></span> <span class='ocrx_word' id='word_1_369' title='bbox 301 4237 363 4305; x_wconf 79' lang='lat' dir='ltr'><strong>eut,</strong></span> <span class='ocrx_word' id='word_1_370' title='bbox 391 4236 422 4292; x_wconf 90' lang='lat' dir='ltr'><strong>ut</strong></span> <span class='ocrx_word' id='word_1_371' title='bbox 443 4246 478 4292; x_wconf 86' lang='lat' dir='ltr'><strong>se</strong></span> <span class='ocrx_word' id='word_1_372' title='bbox 496 4228 629 4290; x_wconf 85' lang='lat' dir='ltr'><strong>externis</strong></span> <span class='ocrx_word' id='word_1_373' title='bbox 658 4229 805 4292; x_wconf 86' lang='lat' dir='ltr'><strong>oblineret</strong></span> <span class='ocrx_word' id='word_1_374' title='bbox 831 4231 960 4295; x_wconf 82' lang='lat' dir='ltr'><strong>moribus</strong></span> <span class='ocrx_word' id='word_1_375' title='bbox 991 4246 1171 4311; x_wconf 86' lang='lat' dir='ltr'><strong>omnemque</strong></span> <span class='ocrx_word' id='word_1_376' title='bbox 1195 4230 1274 4294; x_wconf 86' lang='lat' dir='ltr'><strong>illum</strong></span> <span class='ocrx_word' id='word_1_377' title='bbox 1303 4231 1503 4295; x_wconf 81' lang='lat' dir='ltr'><strong>salubritatem</strong></span> <span class='ocrx_word' id='word_1_378' title='bbox 1529 4234 1646 4295; x_wconf 77' lang='lat' dir='ltr'><strong>Atticae</strong></span> <span class='ocrx_word' id='word_1_379' title='bbox 1674 4232 1811 4297; x_wconf 86' lang='lat' dir='ltr'><strong>dictionis</strong></span> <span class='ocrx_word' id='word_1_380' title='bbox 1840 4243 1871 4300; x_wconf 88' lang='lat' dir='ltr'><strong>et</strong></span> <span class='ocrx_word' id='word_1_381' title='bbox 1898 4241 1983 4319; x_wconf 87' lang='lat' dir='ltr'><strong>quasi</strong></span> 
     </span>
     <span class='ocr_line' id='line_1_33' title="bbox 208 4331 1983 4424; baseline 0.006 -25"><span class='ocrx_word' id='word_1_382' title='bbox 208 4338 392 4400; x_wconf 83' lang='lat' dir='ltr'><strong>sanctitatem</strong></span> <span class='ocrx_word' id='word_1_383' title='bbox 414 4336 562 4418; x_wconf 86' lang='lat' dir='ltr'><strong>perderet,</strong></span> <span class='ocrx_word' id='word_1_384' title='bbox 583 4331 722 4415; x_wconf 78' lang='lat' dir='ltr'><strong>telequi</strong></span> <span class='ocrx_word' id='word_1_385' title='bbox 745 4354 829 4416; x_wconf 77' lang='lat' dir='ltr'><strong>pene</strong></span> <span class='ocrx_word' id='word_1_386' title='bbox 851 4337 1029 4403; x_wconf 83' lang='lat' dir='ltr'><strong>dedisceret.</strong></span> <span class='ocrx_word' id='word_1_387' title='bbox 1078 4338 1152 4400; x_wconf 87' lang='lat' dir='ltr'><strong>llice</strong></span> <span class='ocrx_word' id='word_1_388' title='bbox 1173 4336 1296 4401; x_wconf 80' lang='lat' dir='ltr'><strong>Asiatici</strong></span> <span class='ocrx_word' id='word_1_389' title='bbox 1317 4345 1453 4401; x_wconf 89' lang='lat' dir='ltr'><strong>oratores</strong></span> <span class='ocrx_word' id='word_1_390' title='bbox 1474 4353 1533 4400; x_wconf 90' lang='lat' dir='ltr'><strong>aun</strong></span> <span class='ocrx_word' id='word_1_391' title='bbox 1555 4340 1764 4404; x_wconf 87' lang='lat' dir='ltr'><strong>contemnendi</strong></span> <span class='ocrx_word' id='word_1_392' title='bbox 1784 4343 1904 4424; x_wconf 86' lang='lat' dir='ltr'><strong>quidem</strong></span> <span class='ocrx_word' id='word_1_393' title='bbox 1925 4363 1983 4409; x_wconf 88' lang='lat' dir='ltr'><strong>neo</strong></span> 
     </span>
     <span class='ocr_line' id='line_1_34' title="bbox 209 4440 1980 4524; baseline 0.005 -17"><span class='ocrx_word' id='word_1_394' title='bbox 209 4443 362 4507; x_wconf 88' lang='lat' dir='ltr'><strong>celeritate</strong></span> <span class='ocrx_word' id='word_1_395' title='bbox 383 4459 440 4505; x_wconf 86' lang='lat' dir='ltr'><strong>nee</strong></span> <span class='ocrx_word' id='word_1_396' title='bbox 458 4441 553 4524; x_wconf 71' lang='lat' dir='ltr'><strong>copim</strong></span> <span class='ocrx_word' id='word_1_397' title='bbox 574 4440 629 4503; x_wconf 89' lang='lat' dir='ltr'><strong>sed</strong></span> <span class='ocrx_word' id='word_1_398' title='bbox 650 4459 752 4521; x_wconf 84' lang='lat' dir='ltr'><strong>pamm</strong></span> <span class='ocrx_word' id='word_1_399' title='bbox 774 4446 868 4523; x_wconf 83' lang='lat' dir='ltr'><strong>pressi</strong></span> <span class='ocrx_word' id='word_1_400' title='bbox 890 4450 920 4505; x_wconf 91' lang='lat' dir='ltr'><strong>et</strong></span> <span class='ocrx_word' id='word_1_401' title='bbox 940 4445 1025 4507; x_wconf 86' lang='lat' dir='ltr'><strong>nimis</strong></span> <span class='ocrx_word' id='word_1_402' title='bbox 1043 4442 1253 4510; x_wconf 86' lang='lat' dir='ltr'><strong>redundantes.</strong></span> <span class='ocrx_word' id='word_1_403' title='bbox 1285 4443 1391 4508; x_wconf 84' lang='lat' dir='ltr'><strong>lllrodii</strong></span> <span class='ocrx_word' id='word_1_404' title='bbox 1413 4446 1548 4506; x_wconf 80' lang='lat' dir='ltr'><strong>saniores</strong></span> <span class='ocrx_word' id='word_1_405' title='bbox 1564 4450 1595 4508; x_wconf 88' lang='lat' dir='ltr'><strong>et</strong></span> <span class='ocrx_word' id='word_1_406' title='bbox 1609 4446 1773 4511; x_wconf 79' lang='lat' dir='ltr'><strong>Atticorum</strong></span> <span class='ocrx_word' id='word_1_407' title='bbox 1794 4451 1980 4516; x_wconf 60' lang='lat' dir='ltr'><strong>similiores!</strong></span> 
     </span>
     <span class='ocr_line' id='line_1_35' title="bbox 209 4547 1984 4637; baseline 0.006 -24"><span class='ocrx_word' id='word_1_408' title='bbox 209 4550 246 4614; x_wconf 85' lang='lat' dir='ltr'><strong>ct.</strong></span> <span class='ocrx_word' id='word_1_409' title='bbox 272 4548 391 4626; x_wconf 83' lang='lat' dir='ltr'><strong>Quintil.</strong></span> <span class='ocrx_word' id='word_1_410' title='bbox 414 4547 477 4625; x_wconf 82' lang='lat' dir='ltr'><strong>xtt,</strong></span> <span class='ocrx_word' id='word_1_411' title='bbox 499 4547 548 4612; x_wconf 84' lang='lat'><strong>10.</strong></span> <span class='ocrx_word' id='word_1_412' title='bbox 578 4549 773 4617; x_wconf 80' lang='lat' dir='ltr'><strong>„halanorum</strong></span> <span class='ocrx_word' id='word_1_413' title='bbox 796 4549 914 4628; x_wconf 83' lang='lat' dir='ltr'><strong>quidem</strong></span> <span class='ocrx_word' id='word_1_414' title='bbox 936 4558 1087 4616; x_wconf 82' lang='lat' dir='ltr'><strong>oratorum</strong></span> <span class='ocrx_word' id='word_1_415' title='bbox 1110 4552 1257 4635; x_wconf 83' lang='lat' dir='ltr'><strong>princeps,</strong></span> <span class='ocrx_word' id='word_1_416' title='bbox 1279 4552 1420 4632; x_wconf 85' lang='lat' dir='ltr'><strong>idemque</strong></span> <span class='ocrx_word' id='word_1_417' title='bbox 1439 4553 1550 4633; x_wconf 83' lang='lat' dir='ltr'><strong>primus</strong></span> <span class='ocrx_word' id='word_1_418' title='bbox 1563 4554 1683 4619; x_wconf 77' lang='lat' dir='ltr'><strong>Atticae</strong></span> <span class='ocrx_word' id='word_1_419' title='bbox 1703 4554 1892 4637; x_wconf 84' lang='lat' dir='ltr'><strong>eloquentiae</strong></span> <span class='ocrx_word' id='word_1_420' title='bbox 1911 4576 1984 4624; x_wconf 89' lang='lat' dir='ltr'><strong>uor-</strong></span> 
     </span>
     <span class='ocr_line' id='line_1_36' title="bbox 210 4653 1099 4741; baseline -0.001 -19"><span class='ocrx_word' id='word_1_421' title='bbox 210 4666 316 4741; x_wconf 87' lang='lat' dir='ltr'><strong>ruptor</strong></span> <span class='ocrx_word' id='word_1_422' title='bbox 335 4656 389 4720; x_wconf 86' lang='lat' dir='ltr'><strong>luit</strong></span> <span class='ocrx_word' id='word_1_423' title='bbox 410 4657 554 4739; x_wconf 83' lang='lat' dir='ltr'><strong>Hegesiae</strong></span> <span class='ocrx_word' id='word_1_424' title='bbox 575 4656 709 4740; x_wconf 85' lang='lat' dir='ltr'><strong>dlagnes.</strong></span> <span class='ocrx_word' id='word_1_425' title='bbox 752 4653 790 4718; x_wconf 90' lang='lat' dir='ltr'><strong>ol.</strong></span> <span class='ocrx_word' id='word_1_426' title='bbox 814 4656 874 4719; x_wconf 75' lang='lat' dir='ltr'><strong>diu.</strong></span> <span class='ocrx_word' id='word_1_427' title='bbox 897 4657 986 4725; x_wconf 76' lang='lat' dir='ltr'><strong>lusu.</strong></span> <span class='ocrx_word' id='word_1_428' title='bbox 1008 4660 1029 4723; x_wconf 89' lang='lat' dir='ltr'><strong>l.</strong></span> <span class='ocrx_word' id='word_1_429' title='bbox 1050 4658 1099 4726; x_wconf 80' lang='lat' dir='ltr'><strong>tt.</strong></span> 
     </span>
    </p>
   </div>
   <div class='ocr_carea' id='block_1_3' title="bbox 152 4786 1941 4947">
    <p class='ocr_par' dir='ltr' id='par_1_3' title="bbox 152 4786 1941 4947">
     <span class='ocr_line' id='line_1_37' title="bbox 152 4786 1941 4947; baseline 0.006 -93"><span class='ocrx_word' id='word_1_430' title='bbox 152 4786 182 4864; x_wconf 80' lang='lat'><strong>²)</strong></span> <span class='ocrx_word' id='word_1_431' title='bbox 203 4790 270 4872; x_wconf 81' lang='lat' dir='ltr'><strong>Tria</strong></span> <span class='ocrx_word' id='word_1_432' title='bbox 292 4789 514 4873; x_wconf 85' lang='lat' dir='ltr'><strong>distinguuntur</strong></span> <span class='ocrx_word' id='word_1_433' title='bbox 536 4786 654 4854; x_wconf 83' lang='lat' dir='ltr'><strong>dicendi</strong></span> <span class='ocrx_word' id='word_1_434' title='bbox 676 4805 798 4870; x_wconf 78' lang='lat' dir='ltr'><strong>penem,</strong></span> <span class='ocrx_word' id='word_1_435' title='bbox 821 4789 933 4864; x_wconf 69' lang='lat' dir='ltr'><strong>arande</strong></span> <span class='ocrx_word' id='word_1_436' title='bbox 956 4790 1003 4855; x_wconf 82' lang='lat' dir='ltr'><strong>vel</strong></span> <span class='ocrx_word' id='word_1_437' title='bbox 1024 4808 1127 4873; x_wconf 70' lang='lat' dir='ltr'><strong>mre,</strong></span> <span class='ocrx_word' id='word_1_438' title='bbox 1155 4797 1245 4855; x_wconf 82' lang='lat' dir='ltr'><strong>team</strong></span> <span class='ocrx_word' id='word_1_439' title='bbox 1267 4789 1315 4853; x_wconf 81' lang='lat' dir='ltr'><strong>vel</strong></span> <span class='ocrx_word' id='word_1_440' title='bbox 1336 4792 1444 4857; x_wconf 83' lang='lat' dir='ltr'><strong>subtile</strong></span> <span class='ocrx_word' id='word_1_441' title='bbox 1465 4799 1496 4857; x_wconf 89' lang='lat' dir='ltr'><strong>at</strong></span> <span class='ocrx_word' id='word_1_442' title='bbox 1516 4791 1646 4947; x_wconf 62' lang='lat' dir='ltr'><strong>magiam</strong></span> <span class='ocrx_word' id='word_1_443' title='bbox 1668 4793 1716 4858; x_wconf 84' lang='lat' dir='ltr'><strong>rel</strong></span> <span class='ocrx_word' id='word_1_444' title='bbox 1738 4800 1941 4878; x_wconf 84' lang='lat' dir='ltr'><strong>temperatum.</strong></span> 
     </span>
    </p>
   </div>
   <div class='ocr_carea' id='block_1_4' title="bbox 0 0 2079 5234">
    <p class='ocr_par' dir='ltr' id='par_1_4' title="bbox 0 0 2079 5234">
     <span class='ocr_line' id='line_1_38' title="bbox 0 0 2079 5234; baseline 0 0"><span class='ocrx_word' id='word_1_445' title='bbox 0 0 2079 5234; x_wconf 95' lang='lat' dir='ltr'><strong> </strong></span> 
     </span>
    </p>
   </div>
  </div>
 </body>
</html>
