4140 5234
944 263 946 268 ·
989 221 1071 307 44

188 427 223 496 u.
251 424 436 523 Χρειῶν)
463 422 563 518 iiber,
587 420 846 500 sententiosum
872 425 1044 516 (γνῶμαι)
1068 429 1207 523 septem
1235 421 1473 524 Sapientiam.

867 570 1041 671 Fragor.
1075 569 1192 647 Lxx,

768 694 917 770 Stoboei
949 694 1100 794 florileg.
1136 694 1203 769 ΙΙΙ.
1227 694 1289 771 to.

466 844 678 945 Δημητρίου
707 844 906 945 Φαληρέως
930 851 1005 916 τῶν
1030 841 1122 917 έπτδι
1148 850 1275 943 σοφῶν
1306 843 1591 947 ἀποφθέγματα.

666 968 891 1059 Κλεόβουλος
916 967 1102 1068 Εὐαγόρου
1126 965 1290 1057 Λύνδιος
1314 968 1395 1068 ἔφη.

190 1099 341 1193 ,Μέτρον
361 1092 524 1194 ἀριστον.
571 1094 726 1192 Πατέρα
751 1095 807 1167 δεῖ
833 1095 1038 1167 αἰδεῖσθαι.
1088 1089 1142 1166 Εύ
1167 1095 1210 1165 τὸ
1237 1099 1344 1187 σῶμα
1365 1092 1459 1185 έχειν
1484 1093 1544 1167 καὶ
1568 1091 1638 1193 τήν
1663 1090 1798 1194 φυχήν.
1855 1090 1977 1193 Φιλή-

88 1245 172 1292 κοον
204 1218 264 1290 καί
296 1217 346 1317 μή
375 1215 588 1317 πολυήκοον.
638 1220 870 1317 Πολυμαθή,
903 1215 930 1317 ή
962 1217 1107 1317 ἀμαθή.
1158 1219 1342 1291 Γλῶσσαν
1367 1215 1532 1316 εὔφημον
1556 1222 1774 1316 κεκτῆσθαι.
1825 1217 1973 1318 Ἀρετής

89 1347 230 1434 οἰκεῖον,
255 1342 315 1414 καί
337 1343 462 1431 κακίας
487 1340 687 1441 ἀλλότριον,
714 1342 861 1415 ἀδικίαν
883 1352 1016 1437 μισεῖν.
1054 1342 1253 1432 Εὐσέβειαν
1271 1340 1482 1441 φυλάσσειν.
1521 1341 1706 1431 Πολίταις
1731 1342 1777 1415 τὰ
1796 1343 1977 1432 βέλτιστοι

90 1468 355 1561 συμβουλεύειν.
402 1470 437 1539 Γ
437 1465 578 1565 λάττης
603 1479 757 1567 κρατεῖν.
794 1468 870 1566 Βίρι
894 1464 1010 1565 μηδὲν
1034 1465 1217 1566 πράττειν.
1267 1468 1383 1539 Τέκνα
1407 1464 1602 1540 παιδεύειν.
1647 1463 1751 1570 Τύχῃ
1779 1464 1978 1557 εὔχεσθαι.

84 1589 244 1689 Ἐχθρας
270 1587 440 1665 διαλύειν.
486 1595 559 1666 Τὸν
585 1599 651 1666 τοῦ
680 1589 799 1690 δήμου
817 1593 966 1690 ἐχθρὸν,
995 1594 1167 1686 πολέμιον
1192 1591 1359 1686 νομίζειν.
1397 1595 1432 1664 Γ
1430 1589 1549 1662 υναικὶ
1573 1587 1624 1688 μή
1651 1588 1855 1683 μάχεσθαι,
1880 1589 1980 1688 μηδὲ

89 1713 184 1803 ἀγαν
199 1726 355 1813 φρονεῖν,
380 1715 576 1814 ἀλλοτρίων
596 1715 807 1815 παρόντων·
834 1718 877 1788 τὸ
896 1712 963 1808 μὲν
983 1713 1052 1815 γάρ
1077 1724 1157 1789 ἐστι
1175 1721 1316 1819 χέρῃον,
1340 1717 1383 1787 τὸ
1402 1715 1441 1789 δὲ
1458 1714 1594 1809 μανίαν
1613 1712 1769 1787 δύναται
1788 1717 1975 1812 παρέχειν.

93 1842 248 1927 Οἰκέτας
278 1837 490 1933 μεθύοντας
521 1839 572 1938 μὴ
609 1839 786 1927 κολάζειν·
821 1842 853 1912 εἰ
887 1839 926 1913 δὲ
956 1842 1025 1940 μή,
1059 1839 1174 1930 δόξεις
1207 1841 1268 1912 καί
1301 1840 1413 1929 αὐτὸς
1445 1839 1610 1934 μεθύειν.
1670 1842 1704 1910 Γ
1703 1850 1808 1931 αμεῑν
1834 1840 1871 1910 ἐκ
1898 1847 1976 1911 τοῖν

91 1964 243 2056 ὁμοίων·
278 1961 342 2034 ε’ὰν
374 1963 442 2062 γάρ
475 1969 513 2035 ἐκ
549 1971 622 2037 τῶν
655 1963 879 2064 κρειττόνων,
911 1964 1105 2053 δεσπότας,
1138 1965 1183 2037 ού
1211 1976 1397 2053 συγγενεῖς
1421 1962 1552 2065 κτήσῃ.
1611 1961 1682 2061 Μή
1709 1963 1973 2057 ἐπιμαίνεσθαι

90 2094 141 2186 τῷ
167 2086 386 2160 σκώπτοντι·
419 2087 592 2186 ἀπεχθής
622 2089 690 2189 γὰρ
723 2090 790 2194 ἔσῃ
827 2099 905 2178 τοῖς
938 2095 1218 2184 σκωπτομένοις.
1268 2088 1508 2186 Εύποροῦντα
1532 2084 1582 2185 μή
1608 2085 1843 2186 ὑπερήφανον
1869 2081 1979 2173 εἶναι,

91 2210 302 2311 ἀποροῦντα
328 2211 378 2311 μή
406 2216 692 2288 ταπεινοῦσθαι.

613 2368 646 2453 β.
696 2359 831 2434 Σόλων
855 2360 1104 2461 Ἐξηκεστίδου
1132 2362 1331 2461 Ἀθηναῖος
1355 2363 1437 2463 ἔφη.

189 2483 327 2581 Μηδὲν
350 2486 453 2575 ἀγαν.
500 2485 643 2584 Κριτής
667 2484 717 2583 μή
745 2484 914 2584 κάθησο·
935 2489 966 2558 εἰ
991 2484 1030 2559 δὲ
1053 2484 1117 2585 μή,
1137 2494 1187 2586 τῷ
1205 2489 1387 2587 ληφθέντι
1407 2491 1544 2586 έχθρός
1564 2487 1642 2591 έσῃ.
1680 2485 1828 2585 Ἡδονήν
1845 2493 1981 2586 φεῦγε·

91 2607 186 2706 ούτη
216 2610 284 2708 γὰρ
304 2608 423 2707 λύπην
449 2610 574 2684 τίκτει.
623 2608 801 2685 Φύλασσε
820 2609 958 2709 τρόπου
981 2612 1255 2701 καλοκαγαθίαν
1281 2610 1387 2711 όρκου
1412 2616 1641 2710 πιστοτέραν.
1676 2609 1865 2710 Σφράγιζε
1887 2610 1985 2700 τοὺς

88 2731 155 2827 μέν
174 2732 302 2823 λόγους
320 2740 426 2836 σιγῇ·
452 2731 523 2830 τήν
540 2730 580 2804 δὲ
599 2733 710 2829 σιγήν
729 2740 851 2831 καιρῷ.
889 2735 959 2831 Μή
978 2732 1130 2831 φεύδου,
1152 2733 1225 2805 ἀλλ’
1250 2734 1420 2834 ἀλήθευε.
1452 2738 1507 2809 Τὰ
1525 2738 1710 2810 σπουδαῖα
1725 2737 1863 2827 μελέτα.
1891 2732 1984 2803 Τιόν

89 2861 221 2948 γονέων
245 2856 296 2954 μή
323 2859 400 2947 λέγε
426 2853 645 2954 δικαιότερα.
702 2855 840 2946 Φίλους
862 2856 913 2955 μή
933 2857 1028 2950 ταχύ
1054 2866 1139 2947 κτῶ,
1166 2858 1229 2950 οὓς
1249 2859 1280 2935 δ’
1302 2857 1349 2933 ἀν
1372 2859 1503 2963 κτήσῃ,
1529 2860 1579 2960 μή
1603 2859 1697 2953 ταχύ
1715 2856 1950 2949 ἀποδοκίμαζ
1973 2912 1981 2929 .

84 2986 288 3080 ’Ἀρχεσθαι
321 2980 467 3077 μαθων,
498 2979 624 3079 ἀρχειν
656 2978 854 3085 ἐπιστήσῃ.
904 2980 1081 3073 Εύθύνας
1114 2986 1255 3083 ἑτέρους
1290 2985 1402 3070 ἀξιῶν
1434 2985 1590 3073 διδόναι,
1625 2984 1685 3056 καί
1711 2982 1824 3071 αὐτὸς
1848 2977 1979 3072 ύπεχε.

88 3106 327 3202 Συμβούλευε
352 3105 402 3205 μή
429 3103 476 3177 τά
500 3102 651 3206 ήδιστα,
682 3102 771 3178 α’λλά
797 3109 843 3178 τὰ
870 3107 1043 3196 βέλτιστοι
1069 3119 1148 3196 τοῖς
1172 3108 1350 3197 πολίταις.
1402 3112 1470 3208 Μή
1496 3104 1700 3208 θρασύνου.
1754 3103 1820 3204 Μή
1852 3117 1984 3194 κακοῖς

90 3232 213 3326 ὁμίλει.
269 3235 360 3327 Χριῦ
380 3242 459 3318 τοῖς
480 3231 593 3321 Θεοῖς.
654 3231 793 3321 Φίλυος
817 3231 965 3321 εάσέβει.
1022 3235 1057 3304 Γ
1056 3244 1148 3323 ονεῐς
1167 3235 1285 3306 αἰδοῦ.
1334 3238 1437 3307 Νοῦν
1455 3232 1615 3330 ήγεμόνα
1634 3239 1755 3307 ποιοῦ.
1800 3227 1845 3307 Ὅ
1870 3227 1901 3303 δ’
1932 3227 1982 3300 ἀν

89 3357 175 3459 ἰ’δῃς
198 3355 249 3456 μή
277 3358 363 3447 λέγε.
400 3354 520 3446 Εἰδὼς
546 3355 642 3444 σίγα.
686 3360 773 3445 Τοῖς
799 3362 957 3429 σεαυτοῦ
984 3361 1101 3457 πρᾷος
1125 3356 1224 3429 ἰ’σθι.
1267 3355 1321 3428 Τά
1340 3357 1464 3456 ἀφανῆ
1485 3370 1565 3449 τοῖς
1579 3369 1751 3456 φανεροῖς
1768 3355 1980 3452 τεκμαίρου.

551 3530 583 3593 γ.
624 3505 750 3577 Χίλων
773 3505 853 3592 υίὸς
878 3504 1100 3603 Δαμαγήτου
1125 3505 1416 3600 Λακεδαιμόνιος
1441 3507 1524 3607 ἔφη.

191 3632 322 3705 Γνῶθι
345 3625 494 3702 σαυτόν.
532 3628 673 3721 Πίνων,
698 3628 748 3729 μή
775 3626 888 3703 πολλὰ
907 3625 1025 3700 λάλει·
1048 3629 1273 3728 ἀμαρτήσεις
1284 3628 1363 3730 γάρ.
1402 3633 1472 3732 Μή
1495 3630 1632 3703 ἀπείλει
1655 3639 1734 3719 τοῖς
1755 3631 1978 3724 ἐλευθέροις·

90 3753 134 3829 ού
158 3756 228 3852 γὰρ
253 3751 370 3825 καλόν.
423 3750 493 3849 Μή
520 3751 704 3842 κακολόγοι
732 3751 820 3841 τούς
845 3753 1021 3851 πλησίον·
1046 3757 1077 3826 εί
1103 3752 1143 3826 δὲ
1167 3753 1232 3853 μή,
1257 3754 1398 3860 ἀκούσῃ
1424 3755 1478 3855 ἐφ’
1504 3747 1559 3842 οἶς
1584 3751 1803 3858 λυπηθήσῃ.
1829 3754 1904 3828 Ἐπί
1930 3759 1981 3828 τὰ

91 3881 221 3953 δεῖπνα
245 3885 319 3951 τῶν
345 3878 457 3974 φίλων
481 3877 643 3974 βραδέως
667 3875 835 3976 πορεύου,
861 3877 923 3949 ε’πί
946 3874 986 3950 δὲ
1012 3877 1080 3970 τὰς
1104 3877 1271 3973 ἀτυχίας,
1297 3889 1447 3972 ταχέως.
1499 3882 1534 3951 Γ
1532 3877 1649 3976 άμους
1674 3878 1830 3970 εὐτελεῖς
1854 3887 1981 3956 ποιοῦ.

98 4006 172 4077 Τὸν
197 4001 478 4100 τετελευτηκότα
503 4000 686 4099 μακάριζε.
723 3999 984 4102 Πρεσβύτερον
1009 4007 1128 4094 σέβου.
1171 4009 1245 4079 Τὸν
1269 4002 1316 4078 τὰ
1333 4001 1503 4103 ἀλλότρια
1528 4003 1845 4104 περιεργαζόμενον
1863 3978 2009 4096 μίσει..

92 4129 240 4228 Ζημίαν
259 4134 364 4228 αἱροῦ
391 4129 537 4221 μᾶλλον,
559 4123 586 4224 ή
610 4126 735 4225 κέρδος
753 4125 918 4226 αἰσχρόν.
961 4132 1020 4227 Τῷ
1042 4129 1289 4221 δυστυχοῦντι
1307 4128 1357 4226 μή
1384 4131 1538 4216 ἐπιγελα.
1581 4129 1727 4227 Τραχύς
1747 4125 1809 4215 ἀν,
1831 4124 1982 4225 ήσυχον

91 4254 249 4327 σεαυτὸν
272 4251 418 4351 πάρεχε,
445 4248 543 4340 ὅπως
575 4270 617 4324 σε
643 4247 892 4344 αἰσχύνωνται
916 4253 1063 4348 μᾶλλον,
1087 4249 1114 4351 ή
1144 4257 1340 4355 φοβῶνται.
1396 4258 1474 4352 Τής
1497 4254 1595 4341 ἰδίας
1619 4253 1736 4341 οἰκίας
1762 4251 1978 4352 προστάτει.

139 4455 165 4535 ¹)
188 4459 284 4535 Quum
309 4455 449 4535 reliquias
471 4455 649 4537 scriptorum
671 4455 816 4538 colligere
836 4459 1094 4538 grammaticorum
1117 4464 1212 4536 esset,
1240 4456 1320 4520 huno
1341 4456 1446 4522 librum
1468 4456 1507 4519 od
1529 4458 1720 4537 grammatius
1748 4475 1839 4540 opero
1859 4455 1979 4522 reterre

190 4584 250 4630 uou
273 4564 412 4627 dubitavi.
441 4593 478 4604 -
512 4565 587 4628 Sunt
609 4564 745 4644 fortusse,
768 4565 819 4646 qui
839 4566 1021 4630 Demetrium
1042 4566 1150 4645 ebrios,
1171 4565 1335 4631 rhetoricos
1355 4567 1597 4644 exercitationes,
1619 4565 1723 4647 quoles
1744 4569 1781 4632 ob
1801 4564 1977 4646 Aphthooio

191 4675 232 4739 od
253 4672 450 4753 Hermogenis
480 4671 655 4754 opuseulum
676 4672 880 4739 illustrandum
909 4675 1034 4757 scriptus
1060 4673 1217 4754 habemus,
1246 4675 1451 4757 composuisse
1479 4675 1680 4756 conjectantes
1708 4674 1785 4735 huno
1806 4673 1912 4737 librum
1935 4679 1975 4741 εδ

190 4783 340 4848 rhetoriou
370 4798 460 4865 opero
488 4779 594 4846 reterri
625 4780 735 4847 mutim.
785 4781 846 4854 Sed
874 4783 1037 4849 serioribus
1066 4781 1183 4849 demum
1212 4785 1394 4873 tempom‘buu
1421 4781 1478 4866 hoe
1504 4783 1732 4861 exercitationes
1759 4782 1788 4847 iu
1816 4783 1975 4863 rhetoricis
