4140 5234
92 412 192 489 nium
221 411 361 485 116166.
389 435 423 508 6.
445 409 504 486 65.
531 408 590 484 66.
640 407 704 499 „Si
730 407 767 482 in
796 406 953 482 Galliam
980 416 1158 497 transeat,
1193 407 1328 506 inquit,
1360 407 1520 483 inveniet
1552 408 1865 508 archiepiscopum
1900 410 1977 487 lla·

94 558 264 623 mensem,
290 533 477 632 primatem
498 532 609 607 totius
630 530 784 620 Galliac,
807 530 868 628 qui
894 531 942 605 sit
967 529 1088 627 regins
1113 530 1413 623 bibliothecarius,
1439 532 1469 607 si
1494 533 1643 607 Romam
1669 548 1805 632 pergat,
1831 534 1980 609 babebit

92 657 299 757 primarium
326 656 563 746 cardinalem,
595 655 656 752 qui
684 680 852 729 romanae
878 654 1053 729 eeclesiae
1088 654 1346 729 bibliothecarii
1379 657 1537 753 gandeat
1566 657 1683 732 titulo.
1735 656 1877 752 Quodsi
1904 681 1978 731 non

91 790 233 857 tantum
260 805 281 853 a
306 779 553 877 magnitudine
577 792 615 852 et
641 778 801 877 potentia
835 801 959 874 regum
987 777 1165 876 Aegypti,
1197 778 1370 852 sedete
1397 778 1572 878 dignitate
1597 781 1712 877 ipsius
1741 779 1980 855 bibliothecae

91 914 342 1003 argumentum
371 901 545 976 ducemus
573 927 721 976 necesse
747 914 814 991 est,
842 913 942 975 tanto
968 904 1208 997 praestantiae
1241 900 1277 974 id
1313 925 1445 975 munus
1470 904 1552 977 olim
1582 903 1695 978 inisse
1717 905 1980 979 6616666666

93 1038 228 1125 quanto
249 1024 494 1101 Alexandrina
519 1024 602 1098 olim
632 1023 845 1098 bibliotheca
873 1026 1115 1122 praestantior
1141 1023 1209 1097 luit
1230 1022 1414 1112 Vaticana,
1441 1024 1575 1100 additis
1597 1027 1702 1100 etiam
1730 1027 1765 1100 in
1792 1027 1980 1101 66661666

91 1150 258 1224 omnibus
300 1147 411 1224 totius
450 1149 619 1246 16666666
655 1147 896 1238 bibliothecis,
935 1160 976 1222 ut
1011 1148 1139 1222 merito
1172 1147 1302 1245 aliquis
1334 1147 1487 1238 dixerit,
1526 1173 1596 1222 non
1632 1150 1750 1224 minus
1784 1149 1979 1245 gloriosam

93 1272 279 1347 Demetrio
314 1271 549 1345 bibliothecae
583 1271 845 1369 praefecturam
879 1271 991 1345 luisse
1023 1274 1091 1345 sub
1125 1270 1348 1359 Ptolemaeo,
1382 1296 1488 1367 quern
1526 1273 1748 1347 Athenarum
1783 1275 1851 1347 sub
1886 1272 1981 1347 666-

92 1396 229 1471 sandro
255 1401 345 1468 etc.“
394 1396 524 1494 Neque
554 1420 619 1470 nos
645 1394 817 1484 61166616,
852 1394 947 1492 quod
970 1394 1220 1469 Tertullianus
1245 1392 1280 1467 in
1309 1394 1564 1492 Apologetico,
1599 1396 1658 1468 ubi
1686 1397 1733 1469 de
1759 1396 1980 1492 interpreta-

93 1517 190 1593 tione
217 1518 404 1593 bibliorum
442 1520 579 1615 egitur,
620 1519 843 1592 Demetrium
874 1517 1087 1591 Phalerenm
1120 1516 1435 1614 grammaticorum
1463 1530 1550 1591 tuno
1580 1519 1834 1616 peritissimum
1862 1518 1980 1591 nonsi-

92 1653 165 1731 nat,
192 1664 304 1741 quare
327 1642 521 1717 Wowerus
546 1640 653 1714 alium
680 1641 950 1737 grammaticum
971 1639 1193 1714 Demetrium
1219 1640 1465 1738 quaerendum
1493 1665 1573 1714 esse
1600 1656 1713 1738 putat.
1759 1640 1981 1734 Demetrius,

92 1788 199 1863 qnam
239 1765 471 1861 grammatica
510 1765 702 1860 scripsisse
742 1776 867 1863 postea
905 1762 1124 1853 videbimus,
1165 1774 1206 1837 66
1250 1763 1332 1861 περὶ
1371 1763 1518 1852 Ἰλιάδος
1561 1765 1859 1854 666666666166,
1895 1765 1983 1863 περὶ

91 1884 324 1977 Ὀδυσσείας,
358 1888 438 1984 περὶ
470 1885 724 1985 Ἀντιφάνους,
753 1884 962 1983 Ὁμηρικόν,
989 1886 1068 1973 6116,
1094 1911 1165 1959 666
1191 1885 1359 1983 indignus
1385 1898 1473 1978 arat,
1501 1888 1560 1985 qui
1587 1900 1658 1962 tem
1686 1887 1884 1961 honorifico
1911 1912 1981 1963 no-

92 2010 189 2085 mine
205 2014 462 2110 appellaretur,
485 2037 557 2109 quo
572 2012 838 2087 Tertullianum
859 2014 905 2084 ob
923 2011 958 2086 itl
976 2009 1093 2108 ipsum
1117 2033 1219 2082 usum
1240 2035 1323 2084 esse
1344 2011 1536 2084 verisimile
1555 2024 1622 2101 est,
1641 2010 1736 2106 quod
1758 2011 1980 2087 mentionem

94 2130 173 2230 ejus
195 2133 282 2208 lacit
310 2134 547 2208 bibliothecae
567 2135 750 2233 praelecti,
777 2159 887 2231 quum
917 2134 1026 2208 libros
1052 2132 1247 2230 iniquircre
1271 2144 1309 2207 66
1326 2133 1505 2208 instruere
1534 2135 1768 2209 bibliothecas
1791 2135 1976 2233 preprium

93 2266 191 2331 66666
215 2258 577 2358 grammaticorum.¹)
628 2258 712 2334 Hac
745 2259 855 2357 igitur
888 2257 1027 2335 ratione
1053 2256 1279 2332 Demetrium
1307 2257 1523 2338 Phalereum
1552 2258 1822 2354 grammaticum
1848 2260 1980 2358 appel-

92 2378 181 2454 larit
207 2381 467 2456 Tertullianus.
494 2424 544 2438 —

194 2503 347 2578 Accedit
381 2505 527 2580 tertium
565 2505 675 2605 idque
710 2504 984 2602 gravissimum,
1023 2502 1118 2601 quod
1158 2504 1359 2578 sententiae
1396 2502 1613 2602 scriptorum
1650 2504 1980 2581 ecclesiasticorum

91 2647 296 2723 repugnare
323 2627 485 2717 videtur,
519 2628 615 2724 quod
649 2627 783 2701 Suidas
810 2654 838 2702 6.
865 2653 899 2700 v.
934 2624 1145 2722 Ζηνόδοτος
1179 2626 1407 2699 Zenodotum
1441 2628 1709 2723 grammaticum
1739 2629 1984 2703 bibliothecae

94 2748 316 2845 praelectum
344 2751 430 2823 lacit
456 2776 499 2824 eo
525 2763 698 2848 tempore,
725 2774 796 2847 qno
823 2749 1027 2823 Demetrius
1049 2749 1246 2822 Phalereus
1272 2772 1317 2822 eo
1344 2772 1493 2822 munere
1519 2749 1666 2824 functus
1692 2776 1770 2823 essa
1795 2764 1982 2830 narratur.

92 2868 322 2966 Ζηνόδοτος,
354 2870 531 2970 Ἐφέσιος,
564 2870 737 2960 ι’ποποιός
762 2872 822 2944 καί
846 2870 1112 2967 γραμματικὸς,
1145 2870 1324 2968 μαθητὴς
1355 2878 1422 2943 τοῦ
1450 2874 1619 2968 Φιλητᾶ,
1654 2874 1713 2946 ἐπὶ
1739 2875 1984 2967 Πτολεμαίου

93 3009 248 3100 γεγονώς
272 3019 340 3085 τοῦ
366 3012 522 3111 πρώτου·
555 3009 595 3102 ὃς
621 3013 680 3085 καὶ
707 3019 850 3109 πρῶτος
876 3019 951 3085 τῶν
975 3010 1131 3111 Ὁμήρου
1154 3012 1366 3110 ereptoris
1390 3016 1540 3101 ἐγένετο,
1573 3013 1634 3085 καὶ
1659 3020 1734 3086 τῶν
1758 3022 1797 3086 du
1820 3014 1982 3102 Ἀλεξαν-

93 3148 195 3258 dpsip
218 3155 503 3255 βιβλιοθηκῶν)
534 3152 723 3253 προῦστη,
755 3151 928 3242 καὶτοὺς
959 3153 1096 3250 παῖδας
1120 3153 1357 3247 Πτολεμαίου
1388 3153 1651 3251 scotomatus)

136 3426 164 3503 ¹)
187 3430 268 3494 1666
291 3432 329 3495 de
349 3434 546 3515 Tyrannione,
567 3431 780 3514 Epaphrodito,
808 3430 907 3493 multis
929 3428 993 3492 aliis
1018 3427 1166 3509 proditum
1188 3437 1243 3493 est.
1293 3430 1365 3494 1666
1395 3431 1424 3492 16
1453 3437 1766 3512 autores-eorumque
1792 3449 1885 3515 opera
1907 3434 1981 3498 dili·

191 3547 299 3620 genter
327 3542 515 3619 inquirebant
543 3547 574 3602 et
601 3541 715 3601 indices
746 3539 887 3601 librorum
917 3537 1116 3617 publicabant.
1171 3536 1365 3601 Callimachus
1396 3540 1607 3619 grammaticus
1636 3546 1845 3615 composuerat
1871 3539 1980 3598 obruar

189 3640 384 3704 παιτοδαιτῶυ
404 3637 644 3721 συγγραμμάτων,
667 3652 697 3706 66
713 3644 860 3722 Telephus
882 3642 1059 3724 vulgaverat
1070 3644 1162 3707 libros
1184 3640 1332 3720 βιβλιακῆς
1354 3641 1505 3720 tractulus,
1527 3645 1555 3700 ἐι
1576 3636 1617 3710 vlt
1639 3635 1766 3701 ὄιόιῖσιιιι
1787 3640 1825 3702 td
1846 3641 1982 3721 ιιιιίσιιιις

190 3748 258 3825 ἄξιοι
278 3750 382 3830 βιβλία
426 3755 472 3818 01)
495 3754 570 3814 hanc
591 3755 683 3833 igitur
704 3751 893 3830 multiplicem
925 3751 1065 3815 librorum
1095 3754 1228 3833 peritiam
1261 3754 1444 3835 grammatici
1473 3751 1658 3814 bibliothecis
1687 3756 1807 3834 66661161
1828 3754 1980 3821 solebant.

189 3863 233 3928 lta
255 3863 333 3945 apud
354 3862 526 3924 Suetonium
549 3859 685 3940 legimus,
708 3859 739 3921 C.
758 3858 908 3920 blelissum
932 3862 1154 3941 grammaticum
1177 3879 1278 3924 curam
1300 3859 1483 3923 ordinandae
1505 3859 1714 3938 bibliothecae,
1738 3881 1815 3945 quae
1837 3863 1980 3928 160666-

191 3974 258 4036 6166
277 3973 395 4053 porticu
418 3976 491 4046 crat,
513 3969 696 4047 suscepisse,
717 3972 748 4028 et
770 3967 919 4048 Hyginum
942 3969 1164 4049 grammaticum
1187 3969 1335 4037 Palatinae
1357 3965 1553 4029 bibliothecae
1575 3968 1748 4049 praefuisse.

133 4096 164 4175 ²)
186 4105 297 4168 Prioris
318 4122 355 4166 an
378 4103 534 4182 utriusque
555 4097 762 4175 bibliothecae,
786 4098 921 4162 dubitare
949 4098 1036 4177 licct3
1069 4117 1247 4181 quamquam
1276 4097 1347 4160 11166
1376 4099 1512 4180 perducit
1540 4101 1603 4164 veri
1633 4101 1778 4182 qtraedam
1800 4096 1979 4179 similitudo,

192 4212 366 4293 prsesertim
388 4212 415 4272 sl
437 4216 521 4273 recte
543 4225 578 4269 se
599 4206 696 4279 babet
718 4205 800 4287 quod
821 4213 905 4270 extat
925 4207 955 4269 in
977 4208 1137 4288 prooemiis
1165 4207 1205 4270 de
1226 4204 1385 4289 Apollonio
1407 4206 1535 4287 ltbodio,
1564 4201 1605 4275 66
1624 4208 1673 4263 sot
1693 4199 1977 4280 resurgeremus

191 4314 243 4375 τοῦ
265 4312 413 4373 Μουσείου
434 4308 596 4387 ἀξιωθῆναι
618 4305 714 4370 αὐτόν.

134 4444 230 4520 ⁸)De
250 4449 309 4511 boo
327 4446 397 4509 1666
426 4466 453 4509 v.
476 4445 668 4510 Weicbertus
696 4446 771 4509 uber
801 4444 854 4508 dns
875 4445 975 4510 beben
1004 4445 1065 4511 und
1099 4444 1151 4509 das
1175 4443 1300 4509 (ledicht
1328 4445 1383 4510 des
1404 4444 1580 4529 Apollonius
1609 4463 1638 4527 p·
1669 4442 1719 4509 12.
1747 4444 1801 4520 (ci.
1832 4445 1917 4509 Clint.
1941 4448 1976 4511 li.

191 4558 225 4620 11.
250 4556 288 4619 111
310 4572 338 4636 6.
355 4547 456 4632 teth.
499 4555 527 4618 ls
550 4561 618 4636 post
639 4554 812 4617 llnnsonem
834 4554 908 4616 uidit
929 4555 1060 4618 rationes
1083 4560 1258 4636 temporum,
1286 4560 1319 4616 nt
1340 4552 1502 4618 Ptolemaei
1524 4551 1706 4634 Philadelphi
1737 4554 1846 4616 liberes
1868 4555 1977 4618 66661-Δ

191 4665 286 4731 cados
306 4665 467 4747 acceperit,
488 4665 652 4744 requirere.
696 4663 804 4726 Probat
825 4662 913 4725 ctiam
936 4661 1112 4727 ltitsebetius
1136 4662 1175 4727 de
1197 4661 1387 4727 bibliothecis
1407 4660 1677 4725 Alexandrinorum
1701 4661 1853 4742 disputans
1875 4678 1904 4741 6.
1920 4661 1975 4738 82,

190 4772 340 4861 improbat
367 4778 489 4856 praeter
516 4770 591 4836 alios
613 4768 761 4835 11661666
789 4772 819 4834 16
841 4770 958 4835 (iissem
989 4769 1029 4835 de
1047 4769 1202 4839 66666666
1228 4787 1258 4852 6.
1278 4768 1310 4832 A
1342 4773 1425 4835 ratus
1454 4767 1570 4839 66111666
1596 4770 1741 4853 integrata
1770 4785 1839 4833 esse
1865 4767 1973 4835 horum
