4140 5234
1055 233 1161 319 4⁸·

152 456 230 532 τάν
266 476 315 528 τε
351 445 477 526 &stira
513 442 586 524 καί
614 437 893 547 ἀνθρωπίνων.
957 429 1092 540 Δηλοῖ
1122 429 1176 516 δι’
1207 461 1316 543 φησι
1353 435 1428 516 καί
1461 430 1829 550 Κλυταιμνήστρα
1868 438 1942 542 την
1960 500 1962 504 »
1978 440 2036 528 εἰς

153 606 282 688 uritur>
317 601 454 717 τιμήν.
517 595 576 678 Οὐ
613 595 698 709 γὰρ
735 590 918 700 μονεύειν
947 584 1038 672 ἀλλ’
1066 587 1279 707 α’μοριζειν
1308 588 1437 671 αὐτὸν
1466 589 1652 700 ἀφῆκε-,1)

911 752 1082 850 araga.
1117 750 1289 826 nxvru.

485 882 590 956 Stub'.
616 879 664 954 da
690 890 896 976 temperam
927 900 1032 951 serm.
1065 875 1104 951 V.
1132 877 1249 950 lerum.
1272 876 1330 951 59.
1360 873 1384 948 Ι.
1414 900 1448 976 p.
1481 875 1559 949 154.
1586 874 1705 950 Gaias.

254 1036 308 1106 Ἑκ
335 1040 404 1130 της
429 1032 625 1129 Ἑρμίππου
657 1033 873 1126 συναγωγῆς
906 1032 980 1096 τῶν
1014 1028 1131 1114 καλῶς
1164 1026 1484 1125 άναηωνηθιντων
1515 1025 1551 1110 ἐξ
1581 1023 1759 1124 Ὀμήρου·
1784 1024 1993 1124 Δημήτριος
2020 1037 2038 1096 ‹¹›

158 1192 351 1289 «inrepens
380 1179 438 1266 είς
469 1176 739 1290 σωφροσύνην
775 1189 868 1274 ἔλεγε
896 1175 1035 1252 ταῦτα
1066 1179 1217 1252 ποιεῖν·
1243 1161 1475 1253 Ἀσπάσιοι
1504 1161 1693 1283 λέκτροιο
1720 1162 1907 1250 παλαιοῦ
1936 1174 2040 1250 ,θεσ-

153 1335 238 1447 μὸν
262 1326 445 1429 mmai)
929 1436 1090 1535 Fragm
1128 1434 1251 1509 thx

574 1564 695 1638 Schoi.
721 1563 832 1661 antiq.
862 1561 935 1660 (ed.
961 1561 1113 1656 Buttm.)
1142 1561 1177 1634 in
1207 1558 1314 1633 Hom.
1342 1559 1476 1657 Odyss.
1507 1577 1542 1641 σ.
1567 1563 1626 1633 Π.

251 1716 460 1814 Δημήτριος
486 1714 684 1810 δέφησιν,
720 1709 790 1784 ὅτι
824 1710 1074 1796 α’ττικίζων
1101 1714 1119 1780 ὁ
1148 1708 1345 1805 ποιητὴς
1371 1706 1475 1780 ἀντὶ
1506 1712 1587 1780 τοῦ
1615 1703 1802 1792 δέξεται
1829 1707 2037 1798 χείσεται

151 1869 249 1914 &iisd
263 1868 289 1910 ν.

249 1991 283 2064 3.
313 1986 521 2085 Ὁμηρικός,
547 1985 667 2061 studia
695 1985 901 2061 Homerica.

252 2139 285 2210 tt.
313 2137 395 2235 περὶ
431 2134 668 2232 Ἀντιφάνους
694 2135 799 2223 iiber,
827 2149 948 2207 utrum
977 2131 1255 2206 commentarius
1284 2127 1454 2204 fueritin
1482 2127 1735 2227 Antiphonem,
1764 2138 1904 2226 postam
1930 2129 2040 2204 comi·

154 2283 251 2344 cum,
279 2258 354 2354 qui,
381 2260 456 2330 iere
482 2267 725 2330 trecentarum
754 2256 1019 2329 comoediarum
1047 2266 1190 2344 auctor,
1216 2254 1373 2327 omnium
1402 2253 1541 2327 mediae
1566 2252 1697 2326 atticae
1721 2250 1928 2326 comaediae
1954 2263 2040 2352 pad-

156 2395 277 2456 tarum
307 2381 478 2476 plurimas
504 2379 696 2478 scripsisse
725 2379 856 2466 fertur,
883 2401 927 2451 an
956 2378 1000 2451 ad
1030 2378 1229 2450 titterarum
1256 2375 1440 2451 historiam
1469 2375 1651 2474 pertinens
1685 2375 1730 2449 de
1757 2375 1873 2448 media
1900 2400 2040 2451 eumue-

158 2505 215 2577 diu
246 2506 353 2578 attica
378 2502 488 2577 tuerit
513 2503 750 2600 conscriptus,
779 2500 988 2600 fragmentis
1015 2498 1124 2600 hujus
1151 2500 1270 2600 operis
1297 2524 1366 2574 non
1404 2499 1567 2600 repertis,
1594 2497 1782 2598 dijudicari
1809 2523 1880 2574 non
1909 2512 2039 2601 potest.

249 2658 282 2725 5.
310 2649 443 2741 Λόγων
468 2651 686 2723 Αἰσωπείων
712 2649 919 2747 συναγωγή,
947 2650 1147 2725 iabuiarum
1175 2652 1423 2749 Aesopearum
1450 2649 1664 2746 calleatiw)

193 2849 218 2922 ¹)
244 2853 324 2913 Idem
348 2854 489 2913 Denretrii
511 2851 723 2932 fragmentum,
752 2852 855 2930 paucis
883 2858 994 2914 tantum
1023 2853 1123 2914 verbis
1154 2853 1184 2913 in
1214 2853 1344 2916 deterius
1372 2856 1490 2916 mutatis
1515 2853 1679 2936 paucisque
1705 2851 1829 2930 additis,
1862 2852 1989 2936 legimus
2008 2854 2037 2916 in

247 2957 341 3020 schol.
374 2959 464 3037 antiq.
496 2958 525 3018 in
553 2959 638 3019 Ham.
668 2958 778 3039 Odyss.
812 2957 858 3018 ed.
891 2959 1058 3020 Buttmann.
1089 2958 1184 3020 Berot.
1217 2958 1306 3020 1821.
1335 2959 1372 3022 ad
1402 2960 1511 3042 Odyss.
1541 2978 1567 3034 γ.
1596 2957 1665 3022 267.
1719 2951 1805 3016 Οὕτω
1835 2952 2038 3035 Δημήτριοςά

252 3055 410 3140 Φαληρεύς.
452 3060 604 3130 Μενέλαος
631 3052 693 3137 ἅμα
722 3059 765 3133 aqi
790 3057 921 3121 Ὀδυσσεῖ
946 3057 1043 3120 stede
1072 3063 1111 3131 ιίς
1138 3058 1271 3142 Διλιηοδς
1298 3059 1349 3123 τάν
1375 3058 1447 3124 θεὸν
1472 3060 1562 3141 ιίριτο
1582 3067 1644 3142 περὶ
1672 3062 1724 3140 τῆς
1744 3059 1900 3140 μελλούσης
1920 3062 2040 3124 ἔσεσθαι

249 3171 286 3239 νίς
303 3165 385 3228 Ἰλιον
407 3169 575 3248 στρατείας·
606 3165 673 3229 τότε
695 3164 731 3245 δὴ
754 3172 802 3228 καλ
825 3165 877 3230 τὸν
898 3167 1089 3247 ι’νναιτηρικὸν
1109 3172 1168 3229 τοῖν
1189 3171 1317 3230 Πυθίων
1338 3167 1436 3250 ἀγῶνα
1458 3168 1636 3250 ν’γωνοθιτιϊ
1658 3172 1772 3248 Κρέων,
1794 3171 1868 3231 ἐνίκα
1889 3172 1920 3231 δὲ
1941 3173 2041 3250 Λημο-

247 3272 334 3347 δόκος
353 3272 465 3337 Λάκων
485 3271 624 3354 μαθητὴς
644 3273 842 3354 Αὕτομηδονς
864 3278 1042 3353 Μυκηναίου,
1072 3272 1105 3347 ὃς
1130 3266 1165 3354 ἦν
1194 3280 1312 3357 πρῶτος
1338 3279 1374 3336 δι’
1404 3279 1480 3338 ἐπῶν
1509 3275 1628 3358 γράψας
1649 3275 1701 3355 τὴν
1730 3275 1947 3358 Ἀμφιτρύωνος
1967 3277 2039 3357 πρὸς

251 3381 399 3464 Τηλεβόας
420 3383 514 3465 μάχην
542 3390 590 3444 καί
616 3383 669 3461 τὴν
695 3384 752 3464 ἔριν
780 3380 969 3465 Κιθαιρῶνός
989 3407 1021 3446 τι
1040 3392 1087 3445 καί
1105 3383 1261 3458 Ἑλικῶνος,
1289 3383 1342 3465 ἀφ’
1368 3379 1410 3446 οἷν
1430 3383 1467 3462 δὴ
1488 3391 1536 3445 καὶ
1556 3383 1594 3446 τὰ
1623 3391 1652 3446 ἐν
1672 3387 1804 3464 Βοιωτίην
1825 3381 1878 3466 ὄρη
1899 3408 2040 3468 προςογο-

244 3489 380 3567 parimus·
409 3485 445 3569 ἦν
467 3494 498 3552 δὲ
519 3498 566 3552 καὶ
594 3491 682 3564 αὐτὸς
703 3491 842 3570 μαθητής
864 3490 1047 3573 Περιμηδους
1072 3492 1208 3575 Ἀργείου,
1237 3488 1269 3563 ὃς
1295 3490 1420 3566 ἐδίδαξεν
1443 3490 1532 3554 αὐτόν
1557 3516 1588 3554 τι
1614 3499 1661 3554 καλ
1683 3491 1733 3556 τάν
1755 3495 1919 3572 Μυκηναῖον
1939 3493 2039 3557 Αὐτο-

249 3596 343 3675 μιὶδην
365 3600 432 3682 (aut
455 3607 612 3669 delendum
634 3608 662 3668 in
677 3609 874 3669 anterioribus
896 3603 952 3686 καί,
976 3616 1025 3669 aut
1047 3608 1222 3670 Automedis
1242 3624 1348 3668 numen
1369 3606 1438 3668 loeo
1458 3607 1532 3670 alius
1555 3607 1630 3670 male
1651 3607 1699 3671 hic
1722 3611 1877 3690 repetitum
1892 3616 1946 3671 est.
1980 3610 2039 3672 Sed

251 3733 296 3792 ap.
320 3712 402 3773 Eust.
425 3718 509 3776 etiam
534 3716 672 3778 disertius
696 3705 784 3770 ον’τάν
802 3731 833 3770 τι
854 3716 901 3770 καὶ
922 3706 973 3771 τὸν
996 3709 1126 3790 ρηθέντα
1146 3711 1223 3770 Μνκ.
1244 3707 1322 3771 Ate.
1344 3715 1479 3784 Butam),
1500 3715 1548 3770 nai
1577 3706 1732 3790 Λικύμνιον
1759 3709 1810 3773 τάν
1831 3712 2040 3792 Βουπραοίδην

246 3814 346 3894 (Eusi.
378 3827 462 3882 recia
490 3817 708 3900 Βονπρασιέα],
735 3821 782 3876 καί
818 3819 909 3876 Σίπια
944 3815 996 3880 τὸν
1030 3820 1147 3897 Δωριέα
1184 3824 1328 3894 (omissus
1356 3822 1403 3885 hic
1436 3830 1482 3886 est
1509 3823 1585 3905 apud
1615 3825 1697 3887 Eusi.
1726 3824 1840 3887 Numen
1871 3833 2039 3906 corruptum

244 3920 276 3981 Σ
281 3922 358 3981 ιπίαν
379 3926 506 3990 tortasse
530 3930 577 3990 rel
600 3923 714 3986 Σιπάαν
737 3931 926 3993 scribendum
949 3932 1008 4010 R),
1039 3931 1087 3986 aui
1117 3928 1234 4005 (θυρίδα
1262 3932 1361 4003 (Eusi.
1387 3927 1535 4005 (Ιίαρίδαν)
1562 3923 1613 3988 τάν
1640 3923 1781 4001 Λάκωνα,
1809 3931 1856 3986 καί
1884 3925 2040 4008 Πρόβολον

246 4027 297 4090 τὸν
325 4028 523 4108 Σπαρτιάτην,
579 4029 651 4092 Τότε
677 4036 709 4094 δί
739 4036 886 4104 Μενέλαος
912 4036 950 4114 τῇ
978 4036 1098 4113 προνοίᾳ
1125 4027 1179 4111 της
1204 4033 1314 4111 Ἑλένης
1341 4032 1465 4111 α’νέθηκι
1496 4030 1585 4113 ὅρμον
1612 4039 1649 4114 τῇ
1676 4032 1794 4113 Ἀθηνᾷ
1823 4040 1943 4112 (melius
1964 4043 2039 4106 haee

242 4144 336 4207 rerba
359 4142 486 4206 reddidit
509 4137 640 4212 Busan).
689 4139 745 4202 Τὸν
775 4146 809 4204 δι’
835 4140 1009 4222 Δημοδάκον
1037 4146 1075 4214 είς
1097 4138 1238 4220 Μυκήνας
1257 4140 1357 4223 λαβὼν
1383 4138 1568 4222 Ἀγαμέμνων
1593 4140 1674 4216 ἔταξι
1700 4139 1752 4221 τὴν
1781 4140 2039 4224 Κλυταιμνήστραν

243 4254 343 4322 τηρεῖν.
384 4244 502 4324 Ἐτίμων
523 4248 555 4307 δὲ
578 4248 674 4326 (ἐτίμα
697 4245 752 4330 γάρ
774 4252 836 4312 λίαν
857 4256 929 4334 φησι
949 4274 992 4320 se.
1023 4248 1189 4332 Δημήτριος
1215 4249 1314 4333 Ευςι.)
1343 4248 1411 4322 τούς
1433 4249 1528 4325 «fiante
1549 4250 1589 4322 ιίς
1611 4247 1802 4323 διδασκάλους
1822 4256 1881 4314 τῶν
1901 4274 1932 4314 τι
1951 4254 2038 4315 θυίων

242 4356 289 4410 καὶ
314 4350 445 4414 παλαιῶν
473 4351 762 4435 ἀνδραγαθημάτων,
790 4365 838 4418 καὶ
865 4359 924 4422 τῶν
945 4354 1041 4421 ἄλλων
1070 4355 1199 4440 ὀργάνων
1226 4359 1313 4421 πλέον
1340 4356 1392 4436 τὴν
1419 4356 1508 4436 λάρον
1535 4356 1663 4439 ἠγάπων,
1715 4362 1810 4438 Δηλοί
1833 4361 1865 4422 dd
1892 4365 1938 4421 arni
1959 4360 2040 4421 Κλυ.

238 4457 418 4538 ταιμνιίστριι
439 4458 492 4538 τὴν
512 4461 610 4525 αὐτῶν
631 4459 731 4543 τιμήν·
752 4463 786 4527 ου’
808 4463 864 4547 γὰρ
887 4464 1014 4548 (paratius
1031 4464 1093 4530 ἀλλ’
1116 4464 1264 4549 ἀφορίζειν
1285 4464 1376 4530 αὐτὸν
1397 4468 1527 4530 astream
1549 4472 1646 4544 (Eunt.
1669 4467 1787 4551 aiqriaa).

184 4562 213 4635 ’ί
235 4572 318 4634 Huni.
341 4571 451 4656 odyss.
475 4575 579 4638 ΧΧίΙί.
603 4577 673 4642 296.

183 4668 211 4743 ⁸)
235 4678 398 4744 Demetrius
433 4681 594 4748 Phalereus
616 4688 727 4769 Aesopi
751 4704 931 4769 earumque,
962 4689 1012 4770 qui
1034 4707 1100 4753 eum
1127 4690 1229 4753 imitati
1259 4695 1343 4768 suut,
1371 4687 1498 4768 tabulas,
1529 4690 1609 4771 quud
1630 4689 1748 4772 quidam
1771 4704 1827 4754 nos
1848 4687 2038 4766 audierimus,

237 4786 348 4867 primus
370 4789 501 4872 eoiieqit.
