4140 5234
942 400 1136 418 m

191 514 380 615 dejectum,
404 508 452 587 de
476 501 724 608 meupersnda
745 499 925 601 dignitate
949 504 1100 580 consilis
1123 503 1217 596 iniit,
1247 507 1288 581 ut
1308 502 1421 605 potuis
1443 503 1667 584 volmtaton
1694 506 1741 585 ad
1765 509 1898 586 irritum

190 630 386 729 redigeret.
434 626 559 722 ltaque
592 644 697 722 quun
729 616 825 719 apud
850 616 1076 697 Macedones
1106 642 1150 696 sc
1182 615 1268 695 nihil
1293 620 1497 695 eremum
1527 641 1614 696 esse
1645 621 1894 718 intellexisset,

187 745 279 822 mam
302 742 372 819 sibi
396 739 604 817 conciliavit
626 738 663 809 in
679 733 773 808 Asia
794 732 1013 831 Antigonum
1027 755 1073 810 ac
1086 733 1330 810 Ptolemaeum
1355 739 1393 809 et
1415 731 1643 829 Nicanorem,
1669 760 1772 836 quem
1794 738 1896 815 iidis·

134 874 136 878 ‘
186 863 310 935 simum
347 855 413 932 sibi
437 852 611 942 habebat,
642 870 745 946 quom
769 849 955 925 celerrime
978 871 1028 925 ex
1053 846 1272 926 Macedonia
1288 850 1404 939 misit,
1434 851 1505 944 qui,
1527 852 1729 949 priusquam
1751 855 1896 928 nundus

35 1030 38 1037 .
189 973 370 1077 Antipatri
392 972 515 1045 mortis
539 963 704 1042 Athenas
738 964 896 1065 perlatus
920 972 1038 1056 esset,
1062 964 1233 1065 Moryllo‚
1258 963 1305 1040 ab
1328 962 1519 1063 Antipatro
1543 963 1764 1065 Monychiae
1787 990 1897 1068 prae-

186 1086 298 1178 ieeto,
320 1082 547 1161 succederet
590 1076 669 1154 Sed
690 1086 730 1154 nt
755 1100 801 1154 ea
814 1086 947 1152 tantum
971 1100 1213 1172 memoremus,
1237 1099 1330 1177 quae
1343 1077 1413 1152 hnc
1429 1080 1616 1179 pertinent,
1639 1077 1896 1175 Cassandrum,

190 1203 249 1276 cui
272 1201 319 1275 ab
343 1200 530 1296 Antigono
555 1194 708 1270 libenter
730 1192 899 1268 auxilium
923 1200 1002 1267 erat
1024 1198 1243 1293 promissus,
1265 1194 1428 1288 quamvis
1452 1193 1488 1265 in
1506 1188 1697 1269 Graeciam
1720 1191 1895 1270 invadere

186 1317 405 1414 cupientem,
444 1332 529 1410 spes
559 1328 606 1383 ac
640 1308 759 1409 opinio
785 1305 1009 1397 fefellerant,
1046 1326 1152 1403 quom
1190 1303 1467 1407 Polysperchan
1499 1309 1713 1403 gravissima
1743 1305 1897 1404 quadam

184 1451 226 1504 rc
266 1430 403 1501 animos
436 1423 659 1498 Graecorum
696 1420 765 1497 sibi
796 1421 1036 1497 conciliasset
1101 1418 1239 1495 Nuntio
1269 1422 1364 1496 enim
1396 1440 1534 1511 eorum,
1566 1443 1660 1518 quae
1684 1417 1896 1498 &mones

185 1550 396 1640 paraverat,
429 1538 495 1612 sibi
520 1538 651 1629 allaim
685 1535 771 1611 nihil
802 1533 916 1628 alind,
948 1557 1018 1632 quo
1043 1532 1241 1614 cemandri
1271 1537 1423 1610 consilia
1447 1533 1643 1610 discuteret
1666 1542 1704 1609 et
1727 1531 1895 1611 Graecos

185 1659 318 1729 surices
349 1656 416 1729 sibi
440 1660 594 1753 pararet,
627 1653 798 1749 reliquum
829 1655 863 1726 ei
887 1646 1094 1744 videbatur,
1122 1672 1230 1750 quam
1259 1658 1298 1724 ot
1328 1651 1533 1726 restitueret
1556 1648 1728 1749 populare
1751 1652 1895 1751 irnperi-

185 1794 251 1860 um,
274 1769 384 1869 qnod,
408 1773 570 1869 quamvis
594 1766 927 1868 periculosissimum
951 1773 1052 1842 esset
1073 1773 1113 1840 ot
1136 1767 1280 1866 inperio
1305 1762 1538 1841 macedonico
1562 1785 1765 1864 repugnare
1785 1762 1895 1840 uide-

181 1894 297 1976 retur,
330 1893 448 1959 tamen
480 1887 631 1958 maxime
672 1903 722 1956 err
755 1903 797 1956 re
828 1904 895 1955 sua
932 1880 1011 1956 lore
1042 1881 1277 1956 existimabat
1333 1881 1457 1976 ltaque
1488 1877 1764 1978 Polysperchon
1794 1879 1894 1976 regis

182 1998 336 2099 Philippi
352 1997 546 2076 Arrhidaei
571 2001 711 2072 nomine
727 1993 910 2072 decretum
921 1988 953 2084 ¹)
977 1992 1025 2068 ad
1038 1993 1204 2072 Graecos
1228 1997 1330 2085 misit,
1352 2020 1421 2093 quo
1437 1996 1617 2075 Graeciae
1640 1994 1837 2085 exsulibus,
1848 1994 1893 2084 ²).

159 2118 307 2215 optuma
331 2120 518 2213 exeeptis,
543 2111 693 2188 reditum
717 2113 934 2213 pronuntiari
952 2109 1057 2205 jubet
1080 2112 1335 2208 promittitque,
1366 2135 1409 2188 se
1433 2113 1532 2188 velle
1556 2116 1748 2189 restituere
1772 2110 1893 2187 Athe·

182 2228 364 2299 iriensibus
389 2229 596 2327 popularem
618 2225 828 2311 libertatem,
850 2221 967 2316 qualis
991 2221 1144 2322 Philippi
1167 2229 1206 2296 et
1229 2223 1432 2298 Alexandri
1455 2227 1670 2324 tenporibus
1697 2228 1814 2315 suerit,
1839 2229 1891 2297 si·

183 2339 322 2436 mulque
346 2336 530 2438 pracsidio
556 2336 710 2411 liberare
734 2332 973 2434 Munychiam.
1022 2333 1196 2425 Quantam
1220 2338 1410 2424 animorum
1435 2340 1708 2411 concitationem
1732 2336 1803 2411 hoe
1824 2335 1892 2409 de-

182 2461 317 2528 cretum
349 2449 445 2551 apud
478 2450 713 2527 Atheniensis
744 2450 915 2539 effecerit,
949 2449 1026 2543 quis
1050 2454 1119 2539 est,
1144 2451 1226 2544 quin
1248 2446 1391 2524 videat!
1431 2445 1512 2524 Sed
1536 2452 1677 2546 quantis
1702 2447 1892 2524 discordiis

180 2566 283 2641 mmul
312 2567 430 2641 omnia
453 2567 593 2639 misceri
618 2583 770 2639 necesse
795 2563 891 2639 erat!
921 2560 1033 2647 Plebs
1064 2565 1199 2636 irritata
1221 2566 1413 2661 potentiam
1446 2586 1547 2637 suam
1577 2571 1783 2666 receperat,
1820 2588 1891 2661 qua
1924 2632 1930 2641 .

180 2683 217 2757 in
243 2684 346 2758 viros
371 2681 438 2754 sibi
462 2678 612 2755 odiosos
634 2676 827 2754 consulere
850 2684 988 2779 posset,
1012 2675 1115 2751 turba
1139 2679 1312 2768 exsulum,
1338 2681 1408 2774 qui,
1433 2678 1529 2776 quod
1553 2682 1720 2754 minorem
1745 2700 1890 2754 censum

179 2796 368 2886 habebunt,
395 2818 444 2870 ex
469 2795 557 2869 orbe
582 2797 689 2893 ejecti
713 2800 828 2886 crant,
852 2790 1044 2881 redierant,
1061 2790 1245 2866 iracundia
1269 2793 1476 2886 inflammati,
1502 2791 1598 2892 quod
1623 2793 1755 2868 tamdiu
1774 2796 1890 2895 patria

181 2932 307 2984 carere
332 2910 450 2983 coacti
474 2909 626 2983 inerant.
675 2904 755 2981 Sed
778 2914 818 2980 ut
841 2904 888 2980 ad
905 2905 1172 2982 Atheniensium
1198 2915 1324 2982 statum
1349 2929 1393 2983 ac
1418 2907 1657 2984 conditionem
1680 2906 1884 2998 redeamus,

180 3018 344 3096 Phocion
369 3027 453 3121 post
476 3027 621 3095 mortem
644 3018 816 3094 Demadis
831 3018 910 3094 lere
934 3045 1025 3094 unus
1049 3022 1296 3120 rempublicam
1320 3022 1589 3098 Atheniensium
1615 3023 1888 3097 administrave-

179 3145 251 3224 rat3
291 3134 537 3212 Athenienses
578 3133 791 3233 praesidium
828 3131 1033 3208 Munichiae
1065 3134 1226 3211 Demade
1259 3144 1407 3212 auctore
1448 3145 1638 3211 avocatum
1681 3139 1723 3209 iri
1756 3133 1887 3210 frustra

178 3257 437 3354 speraverant,
487 3272 588 3346 quum
630 3248 811 3324 Demades
849 3249 1059 3352 proditionis
1099 3258 1288 3352 suspectus
1327 3253 1373 3324 ab
1405 3249 1595 3349 Antipatro
1634 3252 1805 3326 retinetur
1848 3259 1886 3327 et

177 3367 285 3467 paulo
310 3373 394 3468 post
409 3362 457 3438 ad
482 3365 688 3464 supplicium
702 3363 851 3439 ducitur.
887 3363 967 3455 Qua
983 3363 1030 3440 de
1045 3389 1086 3440 re
1098 3387 1145 3439 ne
1160 3368 1343 3459 conquesti
1357 3363 1495 3460 quidem
1513 3372 1614 3438 erant
1629 3363 1884 3455 Athenienses,

178 3483 308 3581 quippe
333 3483 390 3580 qui
415 3477 609 3555 Macedoni
635 3481 805 3555 resistere
829 3502 902 3554 non
927 3480 1111 3556 auderent.
1160 3475 1294 3551 Paucis
1318 3486 1433 3553 autem
1459 3474 1587 3553 diebus
1608 3486 1793 3579 postquam
1812 3477 1884 3552 Ni·

178 3614 310 3685 canor,
343 3597 401 3671 cni
430 3592 595 3671 Phocion
622 3591 733 3670 valde
758 3593 922 3686 favebat,
956 3594 1120 3671 Athenas
1144 3589 1361 3683 advenerat,
1394 3592 1571 3693 Antipatri
1597 3598 1718 3668 mortis
1742 3595 1883 3667 nuntius

179 3704 307 3783 eodem
332 3710 461 3784 allatus
486 3716 576 3787 erat
624 3708 666 3783 ln
700 3709 762 3784 tali
794 3733 908 3785 rerum
941 3717 1035 3785 statu
1061 3707 1176 3784 subito
1209 3706 1389 3784 decretum
1414 3706 1737 3811 Polysperchontis
1765 3707 1883 3784 Allie-

178 3864 554 3882 ffi—-o--ss

219 3954 232 3991 1
324 3954 332 3973 ⁰
457 3958 469 3987 r

218 3962 251 4136 ’ς
292 3954 628 4136 gfgenhrhilblotzos
649 4055 784 4120 dabatur
803 4063 836 4118 ct
856 4055 911 4142 iis,
932 4054 1004 4142 qni,
1024 4052 1110 4138 quod
1128 4056 1280 4120 minorem
1300 4055 1613 4140 consumimbebnnt,
1636 4056 1713 4119 urbo
1735 4059 1791 4114 aut
1813 4047 1881 4114 dis-

291 4160 534 4218 comessuram
556 4149 763 4218 in'lhraciam
785 4153 921 4221 traducti
940 4153 1078 4240 fumant,
1099 4163 1134 4220 ct
1152 4157 1297 4222 omuibus
1317 4155 1456 4240 omnino,
1480 4157 1533 4240 qni
1556 4155 1733 4220 exsulatum
1748 4152 1879 4217 iverunt

1394 4253 1452 4327 μ
