<?xml version="1.0" encoding="UTF-8"?>
<!DOCTYPE html PUBLIC "-//W3C//DTD XHTML 1.0 Transitional//EN"
    "http://www.w3.org/TR/xhtml1/DTD/xhtml1-transitional.dtd">
<html xmlns="http://www.w3.org/1999/xhtml" xml:lang="en" lang="en">
 <head>
  <title>
</title>
<meta http-equiv="Content-Type" content="text/html;charset=utf-8" />
  <meta name='ocr-system' content='tesseract 3.04.00' />
  <meta name='ocr-capabilities' content='ocr_page ocr_carea ocr_par ocr_line ocrx_word'/>
</head>
<body>
  <div class='ocr_page' id='page_1' title='image "./commentationisd00ostegoog_0085.png"; bbox 0 0 4132 5236; ppageno 0'>
   <div class='ocr_carea' id='block_1_1' title="bbox 1001 265 1077 351">
    <p class='ocr_par' dir='ltr' id='par_1_1' title="bbox 1001 265 1077 351">
     <span class='ocr_line' id='line_1_1' title="bbox 1001 265 1077 351; baseline 0 0"><span class='ocrx_word' id='word_1_1' title='bbox 1001 265 1077 351; x_wconf 78' lang='lat'>12</span> 
     </span>
    </p>
   </div>
   <div class='ocr_carea' id='block_1_2' title="bbox 99 463 1989 1319">
    <p class='ocr_par' dir='ltr' id='par_1_2' title="bbox 99 463 1989 1319">
     <span class='ocr_line' id='line_1_2' title="bbox 103 463 1989 565; baseline 0.001 -22"><span class='ocrx_word' id='word_1_2' title='bbox 103 465 285 544; x_wconf 73' lang='lat' dir='ltr'>Eusebius</span> <span class='ocrx_word' id='word_1_3' title='bbox 310 465 435 564; x_wconf 84' lang='lat' dir='ltr'>(lllll,</span> <span class='ocrx_word' id='word_1_4' title='bbox 463 465 526 563; x_wconf 78' lang='lat'>12)</span> <span class='ocrx_word' id='word_1_5' title='bbox 552 463 642 563; x_wconf 88' lang='lat' dir='ltr'>ipsa,</span> <span class='ocrx_word' id='word_1_6' title='bbox 668 465 741 561; x_wconf 88' lang='lat' dir='ltr'>qui</span> <span class='ocrx_word' id='word_1_7' title='bbox 758 464 933 561; x_wconf 75' lang='lat' dir='ltr'>integram</span> <span class='ocrx_word' id='word_1_8' title='bbox 962 463 1149 539; x_wconf 74' lang='lat' dir='ltr'><strong>bibliorum</strong></span> <span class='ocrx_word' id='word_1_9' title='bbox 1178 464 1381 540; x_wconf 74' lang='lat' dir='ltr'>versionem</span> <span class='ocrx_word' id='word_1_10' title='bbox 1410 463 1607 541; x_wconf 74' lang='lat' dir='ltr'>Ptolemaei</span> <span class='ocrx_word' id='word_1_11' title='bbox 1635 465 1863 565; x_wconf 72' lang='lat' dir='ltr'>Philadelphi</span> <span class='ocrx_word' id='word_1_12' title='bbox 1888 477 1989 545; x_wconf 73' lang='lat' dir='ltr'>tana</span> 
     </span>
     <span class='ocr_line' id='line_1_3' title="bbox 101 586 1985 691; baseline -0.002 -21"><span class='ocrx_word' id='word_1_13' title='bbox 101 615 189 691; x_wconf 84' lang='lat' dir='ltr'>pure</span> <span class='ocrx_word' id='word_1_14' title='bbox 215 589 408 690; x_wconf 90' lang='lat' dir='ltr'>praecipua</span> <span class='ocrx_word' id='word_1_15' title='bbox 435 587 608 662; x_wconf 83' lang='lat' dir='ltr'>Demetrii</span> <span class='ocrx_word' id='word_1_16' title='bbox 638 586 802 663; x_wconf 89' lang='lat' dir='ltr'>Phalerei</span> <span class='ocrx_word' id='word_1_17' title='bbox 825 599 940 661; x_wconf 89' lang='lat' dir='ltr'>totum</span> <span class='ocrx_word' id='word_1_18' title='bbox 964 586 1146 685; x_wconf 73' lang='lat' dir='ltr'>negotium</span> <span class='ocrx_word' id='word_1_19' title='bbox 1173 586 1392 663; x_wconf 87' lang='lat' dir='ltr'>moderantis</span> <span class='ocrx_word' id='word_1_20' title='bbox 1418 612 1529 686; x_wconf 88' lang='lat' dir='ltr'>opera</span> <span class='ocrx_word' id='word_1_21' title='bbox 1552 604 1716 665; x_wconf 82' lang='lat' dir='ltr'>exortam</span> <span class='ocrx_word' id='word_1_22' title='bbox 1740 615 1824 665; x_wconf 88' lang='lat' dir='ltr'>ease</span> <span class='ocrx_word' id='word_1_23' title='bbox 1849 602 1985 682; x_wconf 72' lang='lat' dir='ltr'>narrat«,</span> 
     </span>
     <span class='ocr_line' id='line_1_4' title="bbox 99 708 1986 813; baseline -0.001 -22"><span class='ocrx_word' id='word_1_24' title='bbox 99 714 261 813; x_wconf 67' lang='lat' dir='ltr'>singulas</span> <span class='ocrx_word' id='word_1_25' title='bbox 279 725 402 813; x_wconf 88' lang='lat' dir='ltr'>partes</span> <span class='ocrx_word' id='word_1_26' title='bbox 422 723 460 786; x_wconf 91' lang='lat' dir='ltr'>et</span> <span class='ocrx_word' id='word_1_27' title='bbox 481 710 592 785; x_wconf 82' lang='lat' dir='ltr'>Musis</span> <span class='ocrx_word' id='word_1_28' title='bbox 612 709 755 808; x_wconf 90' lang='lat' dir='ltr'>quidem</span> <span class='ocrx_word' id='word_1_29' title='bbox 776 709 884 784; x_wconf 91' lang='lat' dir='ltr'>libros</span> <span class='ocrx_word' id='word_1_30' title='bbox 897 708 974 809; x_wconf 87' lang='lat' dir='ltr'>jam</span> <span class='ocrx_word' id='word_1_31' title='bbox 991 708 1092 807; x_wconf 88' lang='lat' dir='ltr'>prins</span> <span class='ocrx_word' id='word_1_32' title='bbox 1111 735 1241 806; x_wconf 83' lang='lat' dir='ltr'>graece</span> <span class='ocrx_word' id='word_1_33' title='bbox 1258 735 1452 786; x_wconf 89' lang='lat' dir='ltr'>conversas</span> <span class='ocrx_word' id='word_1_34' title='bbox 1476 710 1590 787; x_wconf 85' lang='lat' dir='ltr'>luisse</span> <span class='ocrx_word' id='word_1_35' title='bbox 1608 713 1816 787; x_wconf 78' lang='lat' dir='ltr'>Aristobulo</span> <span class='ocrx_word' id='word_1_36' title='bbox 1835 723 1986 789; x_wconf 84' lang='lat' dir='ltr'>auctora</span> 
     </span>
     <span class='ocr_line' id='line_1_5' title="bbox 100 830 1985 939; baseline 0.001 -27"><span class='ocrx_word' id='word_1_37' title='bbox 100 837 280 939; x_wconf 81' lang='lat' dir='ltr'>prodidit3</span> <span class='ocrx_word' id='word_1_38' title='bbox 317 835 414 936; x_wconf 82' lang='lat' dir='ltr'>quod</span> <span class='ocrx_word' id='word_1_39' title='bbox 450 833 604 909; x_wconf 87' lang='lat' dir='ltr'>eundem</span> <span class='ocrx_word' id='word_1_40' title='bbox 636 833 882 907; x_wconf 87' lang='lat' dir='ltr'>Aristobulum</span> <span class='ocrx_word' id='word_1_41' title='bbox 908 830 1069 931; x_wconf 89' lang='lat' dir='ltr'>ejusdem</span> <span class='ocrx_word' id='word_1_42' title='bbox 1098 833 1149 907; x_wconf 92' lang='lat' dir='ltr'>rei</span> <span class='ocrx_word' id='word_1_43' title='bbox 1177 844 1304 907; x_wconf 91' lang='lat' dir='ltr'>testem</span> <span class='ocrx_word' id='word_1_44' title='bbox 1332 834 1493 909; x_wconf 89' lang='lat' dir='ltr'>laudavit</span> <span class='ocrx_word' id='word_1_45' title='bbox 1517 837 1685 910; x_wconf 79' lang='lat' dir='ltr'>Clemens</span> <span class='ocrx_word' id='word_1_46' title='bbox 1715 836 1985 917; x_wconf 82' lang='lat' dir='ltr'>Alexandrinus</span> 
     </span>
     <span class='ocr_line' id='line_1_6' title="bbox 100 954 1985 1055; baseline 0 -19"><span class='ocrx_word' id='word_1_47' title='bbox 100 960 123 1035; x_wconf 87' lang='lat' dir='ltr'>l.</span> <span class='ocrx_word' id='word_1_48' title='bbox 144 961 167 1035; x_wconf 81' lang='lat' dir='ltr'>l.</span> <span class='ocrx_word' id='word_1_49' title='bbox 207 959 288 1036; x_wconf 80' lang='lat' dir='ltr'>llas</span> <span class='ocrx_word' id='word_1_50' title='bbox 315 957 432 1034; x_wconf 91' lang='lat' dir='ltr'>varias</span> <span class='ocrx_word' id='word_1_51' title='bbox 458 968 496 1033; x_wconf 91' lang='lat' dir='ltr'>et</span> <span class='ocrx_word' id='word_1_52' title='bbox 527 956 777 1055; x_wconf 80' lang='lat' dir='ltr'>discrepantes</span> <span class='ocrx_word' id='word_1_53' title='bbox 804 954 898 1031; x_wconf 87' lang='lat' dir='ltr'>inter</span> <span class='ocrx_word' id='word_1_54' title='bbox 930 980 970 1030; x_wconf 90' lang='lat' dir='ltr'>se</span> <span class='ocrx_word' id='word_1_55' title='bbox 1001 955 1219 1055; x_wconf 90' lang='lat' dir='ltr'>scriptorum</span> <span class='ocrx_word' id='word_1_56' title='bbox 1255 956 1455 1033; x_wconf 89' lang='lat' dir='ltr'>sententias</span> <span class='ocrx_word' id='word_1_57' title='bbox 1483 957 1533 1032; x_wconf 90' lang='lat' dir='ltr'>ita</span> <span class='ocrx_word' id='word_1_58' title='bbox 1569 958 1747 1034; x_wconf 90' lang='lat' dir='ltr'>tollendas</span> <span class='ocrx_word' id='word_1_59' title='bbox 1774 969 1812 1034; x_wconf 91' lang='lat' dir='ltr'>et</span> <span class='ocrx_word' id='word_1_60' title='bbox 1836 961 1985 1036; x_wconf 90' lang='lat' dir='ltr'>solven-</span> 
     </span>
     <span class='ocr_line' id='line_1_7' title="bbox 100 1076 1986 1177; baseline 0.001 -20"><span class='ocrx_word' id='word_1_61' title='bbox 100 1083 167 1159; x_wconf 92' lang='lat' dir='ltr'>das</span> <span class='ocrx_word' id='word_1_62' title='bbox 200 1108 282 1159; x_wconf 90' lang='lat' dir='ltr'>esse</span> <span class='ocrx_word' id='word_1_63' title='bbox 313 1081 497 1174; x_wconf 83' lang='lat' dir='ltr'>existimo,</span> <span class='ocrx_word' id='word_1_64' title='bbox 532 1092 573 1154; x_wconf 89' lang='lat' dir='ltr'>ut</span> <span class='ocrx_word' id='word_1_65' title='bbox 605 1076 679 1177; x_wconf 91' lang='lat' dir='ltr'>jam</span> <span class='ocrx_word' id='word_1_66' title='bbox 710 1077 955 1153; x_wconf 90' lang='lat' dir='ltr'>Ptolemaeum</span> <span class='ocrx_word' id='word_1_67' title='bbox 988 1077 1157 1177; x_wconf 90' lang='lat' dir='ltr'>primum,</span> <span class='ocrx_word' id='word_1_68' title='bbox 1186 1086 1296 1177; x_wconf 74' lang='lat' dir='ltr'>&#39;quem</span> <span class='ocrx_word' id='word_1_69' title='bbox 1332 1080 1517 1155; x_wconf 82' lang='lat' dir='ltr'>Demetrio</span> <span class='ocrx_word' id='word_1_70' title='bbox 1552 1081 1728 1157; x_wconf 91' lang='lat' dir='ltr'>Phalereo</span> <span class='ocrx_word' id='word_1_71' title='bbox 1762 1093 1913 1158; x_wconf 78' lang='lat' dir='ltr'>aucmre</span> <span class='ocrx_word' id='word_1_72' title='bbox 1944 1091 1986 1159; x_wconf 85' lang='lat' dir='ltr'>at</span> 
     </span>
     <span class='ocr_line' id='line_1_8' title="bbox 99 1201 1986 1319; baseline 0 -37"><span class='ocrx_word' id='word_1_73' title='bbox 99 1230 249 1284; x_wconf 89' lang='lat' dir='ltr'>suasore</span> <span class='ocrx_word' id='word_1_74' title='bbox 279 1203 529 1280; x_wconf 85' lang='lat' dir='ltr'>bibliothecam</span> <span class='ocrx_word' id='word_1_75' title='bbox 555 1201 756 1278; x_wconf 83' lang='lat' dir='ltr'>instituisse</span> <span class='ocrx_word' id='word_1_76' title='bbox 782 1225 933 1298; x_wconf 90' lang='lat' dir='ltr'>samque</span> <span class='ocrx_word' id='word_1_77' title='bbox 968 1202 1089 1278; x_wconf 90' lang='lat' dir='ltr'>multis</span> <span class='ocrx_word' id='word_1_78' title='bbox 1115 1202 1357 1277; x_wconf 91' lang='lat' dir='ltr'>voluminibus</span> <span class='ocrx_word' id='word_1_79' title='bbox 1383 1203 1534 1278; x_wconf 69' lang='lat' dir='ltr'>coimus</span> <span class='ocrx_word' id='word_1_80' title='bbox 1558 1204 1707 1279; x_wconf 81' lang='lat' dir='ltr'>auxisse</span> <span class='ocrx_word' id='word_1_81' title='bbox 1740 1204 1986 1319; x_wconf 64' lang='lat' dir='ltr'>probavimus,</span> 
     </span>
    </p>
   </div>
   <div class='ocr_carea' id='block_1_3' title="bbox 99 1324 1987 1674">
    <p class='ocr_par' dir='ltr' id='par_1_3' title="bbox 99 1324 1987 1674">
     <span class='ocr_line' id='line_1_9' title="bbox 100 1324 1985 1427; baseline 0 -22"><span class='ocrx_word' id='word_1_82' title='bbox 100 1328 295 1406; x_wconf 90' lang='lat' dir='ltr'>abeodem</span> <span class='ocrx_word' id='word_1_83' title='bbox 320 1327 515 1427; x_wconf 91' lang='lat' dir='ltr'>impulsum</span> <span class='ocrx_word' id='word_1_84' title='bbox 541 1326 703 1424; x_wconf 78' lang='lat' dir='ltr'>singulas</span> <span class='ocrx_word' id='word_1_85' title='bbox 727 1349 911 1400; x_wconf 91' lang='lat' dir='ltr'>sacrorum</span> <span class='ocrx_word' id='word_1_86' title='bbox 940 1324 1126 1399; x_wconf 86' lang='lat' dir='ltr'>bibliorum</span> <span class='ocrx_word' id='word_1_87' title='bbox 1155 1337 1277 1424; x_wconf 91' lang='lat' dir='ltr'>partes</span> <span class='ocrx_word' id='word_1_88' title='bbox 1302 1349 1433 1423; x_wconf 78' lang='lat' dir='ltr'>graeca</span> <span class='ocrx_word' id='word_1_89' title='bbox 1456 1326 1750 1423; x_wconf 85' lang='lat' dir='ltr'>interpretandas</span> <span class='ocrx_word' id='word_1_90' title='bbox 1775 1327 1985 1421; x_wconf 70' lang='lat' dir='ltr'>curavissaa</span> 
     </span>
     <span class='ocr_line' id='line_1_10' title="bbox 99 1447 1985 1553; baseline 0.001 -25"><span class='ocrx_word' id='word_1_91' title='bbox 99 1452 274 1553; x_wconf 83' lang='lat' dir='ltr'>integram</span> <span class='ocrx_word' id='word_1_92' title='bbox 301 1464 422 1527; x_wconf 91' lang='lat' dir='ltr'>autem</span> <span class='ocrx_word' id='word_1_93' title='bbox 448 1449 606 1526; x_wconf 89' lang='lat' dir='ltr'>emnium</span> <span class='ocrx_word' id='word_1_94' title='bbox 634 1447 823 1523; x_wconf 88' lang='lat' dir='ltr'>bibliorum</span> <span class='ocrx_word' id='word_1_95' title='bbox 848 1448 1061 1538; x_wconf 87' lang='lat' dir='ltr'>versionem,</span> <span class='ocrx_word' id='word_1_96' title='bbox 1089 1473 1155 1547; x_wconf 93' lang='lat' dir='ltr'>per</span> <span class='ocrx_word' id='word_1_97' title='bbox 1175 1447 1404 1546; x_wconf 82' lang='lat' dir='ltr'>septuaginta</span> <span class='ocrx_word' id='word_1_98' title='bbox 1432 1448 1524 1525; x_wconf 90' lang='lat' dir='ltr'>duos</span> <span class='ocrx_word' id='word_1_99' title='bbox 1544 1449 1760 1548; x_wconf 83' lang='lat' dir='ltr'>interpretes</span> <span class='ocrx_word' id='word_1_100' title='bbox 1786 1452 1985 1549; x_wconf 84' lang='lat' dir='ltr'>perlectam</span> 
     </span>
     <span class='ocr_line' id='line_1_11' title="bbox 100 1569 1987 1674; baseline 0.001 -22"><span class='ocrx_word' id='word_1_101' title='bbox 100 1590 136 1652; x_wconf 90' lang='lat' dir='ltr'>et</span> <span class='ocrx_word' id='word_1_102' title='bbox 160 1576 379 1666; x_wconf 90' lang='lat' dir='ltr'>absolutam,</span> <span class='ocrx_word' id='word_1_103' title='bbox 411 1573 659 1649; x_wconf 87' lang='lat' dir='ltr'>Ptolemaeum</span> <span class='ocrx_word' id='word_1_104' title='bbox 687 1569 965 1669; x_wconf 86' lang='lat' dir='ltr'>Philadelphum</span> <span class='ocrx_word' id='word_1_105' title='bbox 999 1570 1109 1669; x_wconf 89' lang='lat' dir='ltr'>idque</span> <span class='ocrx_word' id='word_1_106' title='bbox 1134 1571 1252 1670; x_wconf 88' lang='lat' dir='ltr'>ipsum</span> <span class='ocrx_word' id='word_1_107' title='bbox 1279 1570 1441 1672; x_wconf 79' lang='lat' dir='ltr'>ejusdem</span> <span class='ocrx_word' id='word_1_108' title='bbox 1476 1573 1651 1648; x_wconf 86' lang='lat' dir='ltr'>Demetrii</span> <span class='ocrx_word' id='word_1_109' title='bbox 1679 1573 1845 1650; x_wconf 89' lang='lat' dir='ltr'>Phalerei</span> <span class='ocrx_word' id='word_1_110' title='bbox 1871 1570 1987 1674; x_wconf 78' lang='lat' dir='ltr'>opera</span> 
     </span>
    </p>
   </div>
   <div class='ocr_carea' id='block_1_4' title="bbox 98 1699 1988 1923">
    <p class='ocr_par' dir='ltr' id='par_1_4' title="bbox 98 1699 1988 1923">
     <span class='ocr_line' id='line_1_12' title="bbox 98 1699 647 1776; baseline -0.029 0"><span class='ocrx_word' id='word_1_111' title='bbox 98 1699 300 1776; x_wconf 87' lang='lat' dir='ltr'>instituisse</span> <span class='ocrx_word' id='word_1_112' title='bbox 326 1719 520 1774; x_wconf 88' lang='lat' dir='ltr'>sumamus.</span> <span class='ocrx_word' id='word_1_113' title='bbox 644 1755 647 1760; x_wconf 88' lang='lat'>.</span> 
     </span>
     <span class='ocr_line' id='line_1_13' title="bbox 199 1817 1988 1923; baseline -0.002 -26"><span class='ocrx_word' id='word_1_114' title='bbox 199 1821 313 1898; x_wconf 89' lang='lat' dir='ltr'>lidem</span> <span class='ocrx_word' id='word_1_115' title='bbox 346 1828 468 1895; x_wconf 92' lang='lat' dir='ltr'>autem</span> <span class='ocrx_word' id='word_1_116' title='bbox 505 1818 572 1894; x_wconf 88' lang='lat' dir='ltr'>viri</span> <span class='ocrx_word' id='word_1_117' title='bbox 609 1817 725 1912; x_wconf 92' lang='lat' dir='ltr'>docti,</span> <span class='ocrx_word' id='word_1_118' title='bbox 761 1819 823 1917; x_wconf 86' lang='lat' dir='ltr'>qui</span> <span class='ocrx_word' id='word_1_119' title='bbox 858 1818 1081 1893; x_wconf 87' lang='lat' dir='ltr'>Demetrium</span> <span class='ocrx_word' id='word_1_120' title='bbox 1121 1817 1334 1894; x_wconf 91' lang='lat' dir='ltr'>Phalereum</span> <span class='ocrx_word' id='word_1_121' title='bbox 1376 1819 1583 1895; x_wconf 91' lang='lat' dir='ltr'>Ptolemaeo</span> <span class='ocrx_word' id='word_1_122' title='bbox 1622 1819 1859 1920; x_wconf 88' lang='lat' dir='ltr'>Philadelpho</span> <span class='ocrx_word' id='word_1_123' title='bbox 1897 1847 1988 1923; x_wconf 75' lang='lat' dir='ltr'>rege</span> 
     </span>
    </p>
   </div>
   <div class='ocr_carea' id='block_1_5' title="bbox 31 1941 1989 3157">
    <p class='ocr_par' dir='ltr' id='par_1_5' title="bbox 31 1941 1989 3157">
     <span class='ocr_line' id='line_1_14' title="bbox 100 1941 1988 2069; baseline 0.001 -48"><span class='ocrx_word' id='word_1_124' title='bbox 100 1945 337 2024; x_wconf 86' lang='lat' dir='ltr'>bibliothecae</span> <span class='ocrx_word' id='word_1_125' title='bbox 364 1942 634 2018; x_wconf 82' lang='lat' dir='ltr'>Alexandrinae</span> <span class='ocrx_word' id='word_1_126' title='bbox 661 1941 864 2042; x_wconf 77' lang='lat' dir='ltr'>praefuisse</span> <span class='ocrx_word' id='word_1_127' title='bbox 890 1954 1041 2039; x_wconf 83' lang='lat' dir='ltr'>negant,</span> <span class='ocrx_word' id='word_1_128' title='bbox 1076 1965 1193 2040; x_wconf 87' lang='lat' dir='ltr'>neque</span> <span class='ocrx_word' id='word_1_129' title='bbox 1219 1941 1404 2033; x_wconf 82' lang='lat' dir='ltr'>Aristaeo,</span> <span class='ocrx_word' id='word_1_130' title='bbox 1438 1967 1556 2069; x_wconf 78' lang='lat' dir='ltr'>neque</span> <span class='ocrx_word' id='word_1_131' title='bbox 1580 1944 1640 2044; x_wconf 81' lang='lat' dir='ltr'>qni</span> <span class='ocrx_word' id='word_1_132' title='bbox 1678 1954 1759 2042; x_wconf 92' lang='lat' dir='ltr'>post</span> <span class='ocrx_word' id='word_1_133' title='bbox 1785 1969 1866 2019; x_wconf 92' lang='lat' dir='ltr'>eum</span> <span class='ocrx_word' id='word_1_134' title='bbox 1892 1946 1988 2022; x_wconf 85' lang='lat' dir='ltr'>sori·</span> 
     </span>
     <span class='ocr_line' id='line_1_15' title="bbox 101 2064 1986 2169; baseline 0.001 -24"><span class='ocrx_word' id='word_1_135' title='bbox 101 2079 253 2169; x_wconf 86' lang='lat' dir='ltr'>pserunt</span> <span class='ocrx_word' id='word_1_136' title='bbox 277 2066 325 2142; x_wconf 91' lang='lat' dir='ltr'>de</span> <span class='ocrx_word' id='word_1_137' title='bbox 345 2065 532 2141; x_wconf 91' lang='lat' dir='ltr'>Demetrio</span> <span class='ocrx_word' id='word_1_138' title='bbox 559 2065 737 2140; x_wconf 91' lang='lat' dir='ltr'>Phalereo</span> <span class='ocrx_word' id='word_1_139' title='bbox 763 2089 947 2139; x_wconf 90' lang='lat' dir='ltr'>sacrorum</span> <span class='ocrx_word' id='word_1_140' title='bbox 968 2064 1139 2140; x_wconf 90' lang='lat' dir='ltr'>librorum</span> <span class='ocrx_word' id='word_1_141' title='bbox 1163 2066 1463 2163; x_wconf 90' lang='lat' dir='ltr'>interpretatione</span> <span class='ocrx_word' id='word_1_142' title='bbox 1489 2079 1716 2163; x_wconf 84' lang='lat' dir='ltr'>procurante,</span> <span class='ocrx_word' id='word_1_143' title='bbox 1743 2065 1852 2142; x_wconf 85' lang='lat' dir='ltr'>lidum</span> <span class='ocrx_word' id='word_1_144' title='bbox 1874 2070 1986 2153; x_wconf 89' lang='lat' dir='ltr'>ullam</span> 
     </span>
     <span class='ocr_line' id='line_1_16' title="bbox 101 2186 1986 2284; baseline -0.001 -15"><span class='ocrx_word' id='word_1_145' title='bbox 101 2193 301 2271; x_wconf 88' lang='lat' dir='ltr'>habandam</span> <span class='ocrx_word' id='word_1_146' title='bbox 327 2214 408 2265; x_wconf 88' lang='lat' dir='ltr'>esse</span> <span class='ocrx_word' id='word_1_147' title='bbox 433 2199 594 2264; x_wconf 86' lang='lat' dir='ltr'>censent.</span> <span class='ocrx_word' id='word_1_148' title='bbox 646 2187 876 2263; x_wconf 85' lang='lat' dir='ltr'>llumlredus</span> <span class='ocrx_word' id='word_1_149' title='bbox 904 2186 1058 2279; x_wconf 75' lang='lat' dir='ltr'>lindius,</span> <span class='ocrx_word' id='word_1_150' title='bbox 1086 2212 1240 2284; x_wconf 89' lang='lat' dir='ltr'>quocum</span> <span class='ocrx_word' id='word_1_151' title='bbox 1269 2188 1448 2263; x_wconf 88' lang='lat' dir='ltr'>consentit</span> <span class='ocrx_word' id='word_1_152' title='bbox 1464 2189 1588 2263; x_wconf 77' lang='lat' dir='ltr'>Stura.</span> <span class='ocrx_word' id='word_1_153' title='bbox 1604 2189 1650 2263; x_wconf 92' lang='lat' dir='ltr'>de</span> <span class='ocrx_word' id='word_1_154' title='bbox 1676 2189 1830 2265; x_wconf 90' lang='lat' dir='ltr'>dialecto</span> <span class='ocrx_word' id='word_1_155' title='bbox 1859 2191 1986 2268; x_wconf 84' lang='lat' dir='ltr'>blace-</span> 
     </span>
     <span class='ocr_line' id='line_1_17' title="bbox 31 2310 1987 2411; baseline -0.001 -18"><span class='ocrx_word' id='word_1_156' title='bbox 31 2344 52 2373; x_wconf 62' lang='lat' dir='ltr'><em>f</em></span> <span class='ocrx_word' id='word_1_157' title='bbox 100 2317 226 2393; x_wconf 85' lang='lat' dir='ltr'>donica</span> <span class='ocrx_word' id='word_1_158' title='bbox 247 2329 285 2391; x_wconf 89' lang='lat' dir='ltr'>et</span> <span class='ocrx_word' id='word_1_159' title='bbox 312 2312 557 2389; x_wconf 83' lang='lat' dir='ltr'>Alexandrina</span> <span class='ocrx_word' id='word_1_160' title='bbox 576 2337 608 2411; x_wconf 87' lang='lat' dir='ltr'>p.</span> <span class='ocrx_word' id='word_1_161' title='bbox 629 2313 676 2404; x_wconf 82' lang='grc'>3.,</span> <span class='ocrx_word' id='word_1_162' title='bbox 704 2311 900 2386; x_wconf 90' lang='lat' dir='ltr'>Wowerus</span> <span class='ocrx_word' id='word_1_163' title='bbox 925 2310 961 2385; x_wconf 94' lang='lat' dir='ltr'>in</span> <span class='ocrx_word' id='word_1_164' title='bbox 984 2321 1214 2408; x_wconf 81' lang='lat' dir='ltr'>syntagmate</span> <span class='ocrx_word' id='word_1_165' title='bbox 1239 2310 1286 2385; x_wconf 90' lang='lat' dir='ltr'>de</span> <span class='ocrx_word' id='word_1_166' title='bbox 1310 2335 1440 2410; x_wconf 80' lang='lat' dir='ltr'>graeca</span> <span class='ocrx_word' id='word_1_167' title='bbox 1462 2322 1500 2384; x_wconf 91' lang='lat' dir='ltr'>et</span> <span class='ocrx_word' id='word_1_168' title='bbox 1523 2312 1630 2387; x_wconf 91' lang='lat' dir='ltr'>latina</span> <span class='ocrx_word' id='word_1_169' title='bbox 1654 2314 1843 2389; x_wconf 91' lang='lat' dir='ltr'>bibliorum</span> <span class='ocrx_word' id='word_1_170' title='bbox 1870 2315 1987 2392; x_wconf 89' lang='lat' dir='ltr'>inter·</span> 
     </span>
     <span class='ocr_line' id='line_1_18' title="bbox 101 2433 1987 2549; baseline 0 -34"><span class='ocrx_word' id='word_1_171' title='bbox 101 2438 313 2539; x_wconf 89' lang='lat' dir='ltr'>pretatione,</span> <span class='ocrx_word' id='word_1_172' title='bbox 336 2437 444 2534; x_wconf 90' lang='lat' dir='ltr'>alii,¹)</span> <span class='ocrx_word' id='word_1_173' title='bbox 470 2433 532 2534; x_wconf 86' lang='lat' dir='ltr'>qui</span> <span class='ocrx_word' id='word_1_174' title='bbox 568 2460 691 2510; x_wconf 91' lang='lat' dir='ltr'>eorum</span> <span class='ocrx_word' id='word_1_175' title='bbox 716 2433 917 2511; x_wconf 89' lang='lat' dir='ltr'>sententias</span> <span class='ocrx_word' id='word_1_176' title='bbox 951 2446 1037 2507; x_wconf 89' lang='lat' dir='ltr'>sunt</span> <span class='ocrx_word' id='word_1_177' title='bbox 1063 2434 1198 2525; x_wconf 85' lang='lat' dir='ltr'>secuti,</span> <span class='ocrx_word' id='word_1_178' title='bbox 1234 2458 1281 2509; x_wconf 83' lang='lat' dir='ltr'>ex</span> <span class='ocrx_word' id='word_1_179' title='bbox 1316 2433 1463 2509; x_wconf 89' lang='lat' dir='ltr'>historia</span> <span class='ocrx_word' id='word_1_180' title='bbox 1492 2437 1666 2532; x_wconf 89' lang='lat' dir='ltr'>temporis</span> <span class='ocrx_word' id='word_1_181' title='bbox 1695 2437 1987 2549; x_wconf 69' lang='lat' dir='ltr'>perorationes,</span> 
     </span>
     <span class='ocr_line' id='line_1_19' title="bbox 98 2555 1987 2658; baseline 0 -20"><span class='ocrx_word' id='word_1_182' title='bbox 98 2561 260 2639; x_wconf 83' lang='lat' dir='ltr'>ludaeos</span> <span class='ocrx_word' id='word_1_183' title='bbox 292 2558 602 2658; x_wconf 86' lang='lat' dir='ltr'>interpretationis</span> <span class='ocrx_word' id='word_1_184' title='bbox 636 2581 785 2656; x_wconf 76' lang='lat' dir='ltr'>graecae</span> <span class='ocrx_word' id='word_1_185' title='bbox 820 2555 991 2630; x_wconf 91' lang='lat' dir='ltr'>librorum</span> <span class='ocrx_word' id='word_1_186' title='bbox 1027 2579 1211 2631; x_wconf 89' lang='lat' dir='ltr'>sacrorum</span> <span class='ocrx_word' id='word_1_187' title='bbox 1248 2555 1496 2654; x_wconf 88' lang='lat' dir='ltr'>procurandae</span> <span class='ocrx_word' id='word_1_188' title='bbox 1531 2582 1597 2632; x_wconf 87' lang='lat' dir='ltr'>sua</span> <span class='ocrx_word' id='word_1_189' title='bbox 1629 2572 1761 2658; x_wconf 88' lang='lat' dir='ltr'>sponte</span> <span class='ocrx_word' id='word_1_190' title='bbox 1795 2561 1987 2638; x_wconf 88' lang='lat' dir='ltr'>consilium</span> 
     </span>
     <span class='ocr_line' id='line_1_20' title="bbox 100 2662 1985 2784; baseline -0.001 -23"><span class='ocrx_word' id='word_1_191' title='bbox 100 2683 254 2784; x_wconf 85' lang='lat' dir='ltr'>cepisse,</span> <span class='ocrx_word' id='word_1_192' title='bbox 279 2680 568 2783; x_wconf 87' lang='lat' dir='ltr'>quandoquidem</span> <span class='ocrx_word' id='word_1_193' title='bbox 587 2679 718 2754; x_wconf 79' lang='lat' dir='ltr'>ludaei</span> <span class='ocrx_word' id='word_1_194' title='bbox 741 2677 984 2753; x_wconf 79' lang='lat' dir='ltr'>Alexandriae</span> <span class='ocrx_word' id='word_1_195' title='bbox 1007 2677 1182 2770; x_wconf 87' lang='lat' dir='ltr'>viventes,</span> <span class='ocrx_word' id='word_1_196' title='bbox 1208 2678 1329 2778; x_wconf 77' lang='lat' dir='ltr'>lingua</span> <span class='ocrx_word' id='word_1_197' title='bbox 1355 2703 1421 2754; x_wconf 89' lang='lat' dir='ltr'>sua</span> <span class='ocrx_word' id='word_1_198' title='bbox 1439 2681 1614 2777; x_wconf 80' lang='lat' dir='ltr'>neglecta,</span> <span class='ocrx_word' id='word_1_199' title='bbox 1640 2682 1791 2778; x_wconf 80' lang='lat' dir='ltr'>linguam</span> <span class='ocrx_word' id='word_1_200' title='bbox 1816 2662 1985 2781; x_wconf 74' lang='lat' dir='ltr'>graecam</span> 
     </span>
     <span class='ocr_line' id='line_1_21' title="bbox 100 2800 1989 2903; baseline 0.001 -22"><span class='ocrx_word' id='word_1_201' title='bbox 100 2806 324 2895; x_wconf 86' lang='lat' dir='ltr'>didicissent,</span> <span class='ocrx_word' id='word_1_202' title='bbox 350 2827 469 2903; x_wconf 85' lang='lat' dir='ltr'>neque</span> <span class='ocrx_word' id='word_1_203' title='bbox 496 2802 588 2878; x_wconf 88' lang='lat' dir='ltr'>adeo</span> <span class='ocrx_word' id='word_1_204' title='bbox 616 2804 736 2897; x_wconf 82' lang='lat' dir='ltr'>legere</span> <span class='ocrx_word' id='word_1_205' title='bbox 761 2825 885 2874; x_wconf 91' lang='lat' dir='ltr'>omnes</span> <span class='ocrx_word' id='word_1_206' title='bbox 911 2814 948 2874; x_wconf 91' lang='lat' dir='ltr'>et</span> <span class='ocrx_word' id='word_1_207' title='bbox 969 2800 1169 2898; x_wconf 83' lang='lat' dir='ltr'>intelligere</span> <span class='ocrx_word' id='word_1_208' title='bbox 1191 2801 1395 2899; x_wconf 88' lang='lat' dir='ltr'>potuissent</span> <span class='ocrx_word' id='word_1_209' title='bbox 1422 2803 1531 2876; x_wconf 91' lang='lat' dir='ltr'>libros</span> <span class='ocrx_word' id='word_1_210' title='bbox 1556 2828 1642 2878; x_wconf 89' lang='lat' dir='ltr'>suos</span> <span class='ocrx_word' id='word_1_211' title='bbox 1667 2827 1789 2878; x_wconf 86' lang='lat' dir='ltr'>sacros</span> <span class='ocrx_word' id='word_1_212' title='bbox 1814 2805 1989 2882; x_wconf 86' lang='lat' dir='ltr'>hebraice</span> 
     </span>
     <span class='ocr_line' id='line_1_22' title="bbox 100 2924 1986 3029; baseline -0.002 -23"><span class='ocrx_word' id='word_1_213' title='bbox 100 2930 265 3029; x_wconf 83' lang='lat' dir='ltr'>scriptos.</span> <span class='ocrx_word' id='word_1_214' title='bbox 315 2929 396 3003; x_wconf 81' lang='lat' dir='ltr'>lam</span> <span class='ocrx_word' id='word_1_215' title='bbox 426 2925 703 3002; x_wconf 88' lang='lat' dir='ltr'>Valckenaerius</span> <span class='ocrx_word' id='word_1_216' title='bbox 728 2924 763 2998; x_wconf 92' lang='lat' dir='ltr'>in</span> <span class='ocrx_word' id='word_1_217' title='bbox 791 2924 1157 3015; x_wconf 84' lang='lat' dir='ltr'>eorumsententiam</span> <span class='ocrx_word' id='word_1_218' title='bbox 1184 2925 1232 2998; x_wconf 88' lang='lat' dir='ltr'>ita</span> <span class='ocrx_word' id='word_1_219' title='bbox 1260 2924 1465 3023; x_wconf 72' lang='lat' dir='ltr'>respondite</span> <span class='ocrx_word' id='word_1_220' title='bbox 1498 2927 1595 3025; x_wconf 77' lang='lat' dir='ltr'>„Qui</span> <span class='ocrx_word' id='word_1_221' title='bbox 1622 2927 1759 3003; x_wconf 92' lang='lat' dir='ltr'>tamdiu</span> <span class='ocrx_word' id='word_1_222' title='bbox 1785 2953 1886 3003; x_wconf 89' lang='lat' dir='ltr'>sacra</span> <span class='ocrx_word' id='word_1_223' title='bbox 1913 2929 1986 3005; x_wconf 85' lang='lat' dir='ltr'>sibi</span> 
     </span>
     <span class='ocr_line' id='line_1_23' title="bbox 101 3047 1985 3157; baseline -0.002 -26"><span class='ocrx_word' id='word_1_224' title='bbox 101 3056 216 3157; x_wconf 90' lang='lat' dir='ltr'>petria</span> <span class='ocrx_word' id='word_1_225' title='bbox 244 3054 419 3143; x_wconf 88' lang='lat' dir='ltr'>iecerunt,</span> <span class='ocrx_word' id='word_1_226' title='bbox 444 3051 581 3148; x_wconf 89' lang='lat' dir='ltr'>absque</span> <span class='ocrx_word' id='word_1_227' title='bbox 607 3049 823 3125; x_wconf 84' lang='lat' dir='ltr'>vernaculae</span> <span class='ocrx_word' id='word_1_228' title='bbox 848 3072 1033 3123; x_wconf 91' lang='lat' dir='ltr'>sacrorum</span> <span class='ocrx_word' id='word_1_229' title='bbox 1059 3049 1230 3124; x_wconf 90' lang='lat' dir='ltr'>librorum</span> <span class='ocrx_word' id='word_1_230' title='bbox 1260 3048 1432 3124; x_wconf 78' lang='lat' dir='ltr'>versionis</span> <span class='ocrx_word' id='word_1_231' title='bbox 1458 3047 1675 3147; x_wconf 87' lang='lat' dir='ltr'>adjumento,</span> <span class='ocrx_word' id='word_1_232' title='bbox 1702 3053 1762 3149; x_wconf 90' lang='lat' dir='ltr'>qui</span> <span class='ocrx_word' id='word_1_233' title='bbox 1790 3051 1897 3128; x_wconf 89' lang='lat' dir='ltr'>hodia</span> <span class='ocrx_word' id='word_1_234' title='bbox 1922 3052 1985 3128; x_wconf 91' lang='lat' dir='ltr'>illa</span> 
     </span>
    </p>
   </div>
   <div class='ocr_carea' id='block_1_6' title="bbox 147 3286 1989 4904">
    <p class='ocr_par' dir='ltr' id='par_1_6' title="bbox 147 3286 1988 4796">
     <span class='ocr_line' id='line_1_24' title="bbox 147 3286 1986 3389; baseline 0.001 -19"><span class='ocrx_word' id='word_1_235' title='bbox 147 3301 172 3376; x_wconf 87' lang='grc' dir='ltr'>Ι)</span> <span class='ocrx_word' id='word_1_236' title='bbox 194 3305 332 3371; x_wconf 82' lang='lat' dir='ltr'>Proiecto</span> <span class='ocrx_word' id='word_1_237' title='bbox 353 3303 437 3368; x_wconf 88' lang='lat' dir='ltr'>multi</span> <span class='ocrx_word' id='word_1_238' title='bbox 458 3309 544 3380; x_wconf 88' lang='lat' dir='ltr'>sunt,</span> <span class='ocrx_word' id='word_1_239' title='bbox 573 3303 624 3384; x_wconf 84' lang='lat' dir='ltr'>qui</span> <span class='ocrx_word' id='word_1_240' title='bbox 645 3302 765 3365; x_wconf 91' lang='lat' dir='ltr'>omnino</span> <span class='ocrx_word' id='word_1_241' title='bbox 786 3301 905 3365; x_wconf 78' lang='lat' dir='ltr'>Aristaei</span> <span class='ocrx_word' id='word_1_242' title='bbox 928 3300 1033 3363; x_wconf 83' lang='lat' dir='ltr'>librum</span> <span class='ocrx_word' id='word_1_243' title='bbox 1057 3299 1095 3362; x_wconf 92' lang='lat' dir='ltr'>de</span> <span class='ocrx_word' id='word_1_244' title='bbox 1116 3286 1359 3383; x_wconf 79' lang='lat' dir='ltr'>interpretatione</span> <span class='ocrx_word' id='word_1_245' title='bbox 1381 3305 1488 3365; x_wconf 88' lang='lat' dir='ltr'>veteris</span> <span class='ocrx_word' id='word_1_246' title='bbox 1511 3307 1678 3368; x_wconf 88' lang='lat' dir='ltr'>testamenti</span> <span class='ocrx_word' id='word_1_247' title='bbox 1699 3306 1736 3369; x_wconf 88' lang='lat' dir='ltr'>ab</span> <span class='ocrx_word' id='word_1_248' title='bbox 1757 3323 1805 3384; x_wconf 90' lang='lat' dir='ltr'>eo,</span> <span class='ocrx_word' id='word_1_249' title='bbox 1833 3305 1870 3372; x_wconf 88' lang='lat' dir='ltr'>ad</span> <span class='ocrx_word' id='word_1_250' title='bbox 1894 3326 1986 3389; x_wconf 86' lang='lat' dir='ltr'>quern</span> 
     </span>
     <span class='ocr_line' id='line_1_25' title="bbox 198 3408 1985 3496; baseline 0.001 -17"><span class='ocrx_word' id='word_1_251' title='bbox 198 3415 358 3490; x_wconf 81' lang='lat' dir='ltr'>rslcratur,</span> <span class='ocrx_word' id='word_1_252' title='bbox 384 3414 588 3493; x_wconf 84' lang='lat' dir='ltr'>conscriptum</span> <span class='ocrx_word' id='word_1_253' title='bbox 611 3429 681 3473; x_wconf 91' lang='lat' dir='ltr'>essa</span> <span class='ocrx_word' id='word_1_254' title='bbox 703 3417 848 3491; x_wconf 76' lang='lat' dir='ltr'>negantes</span> <span class='ocrx_word' id='word_1_255' title='bbox 876 3408 1028 3471; x_wconf 87' lang='lat' dir='ltr'>historiam</span> <span class='ocrx_word' id='word_1_256' title='bbox 1055 3408 1133 3472; x_wconf 83' lang='lat' dir='ltr'>LXX</span> <span class='ocrx_word' id='word_1_257' title='bbox 1155 3411 1346 3490; x_wconf 89' lang='lat' dir='ltr'>interpretum</span> <span class='ocrx_word' id='word_1_258' title='bbox 1369 3411 1486 3475; x_wconf 84' lang='lat' dir='ltr'>Aristaei</span> <span class='ocrx_word' id='word_1_259' title='bbox 1510 3416 1629 3477; x_wconf 89' lang='lat' dir='ltr'>nornine</span> <span class='ocrx_word' id='word_1_260' title='bbox 1649 3416 1817 3496; x_wconf 88' lang='lat' dir='ltr'>inscriptam</span> <span class='ocrx_word' id='word_1_261' title='bbox 1838 3436 1857 3480; x_wconf 90' lang='lat' dir='ltr'>a</span> <span class='ocrx_word' id='word_1_262' title='bbox 1878 3416 1985 3481; x_wconf 85' lang='lat' dir='ltr'>Judteu</span> 
     </span>
     <span class='ocr_line' id='line_1_26' title="bbox 198 3517 1984 3604; baseline 0.001 -20"><span class='ocrx_word' id='word_1_263' title='bbox 198 3522 329 3604; x_wconf 79' lang='lat' dir='ltr'>quodam</span> <span class='ocrx_word' id='word_1_264' title='bbox 350 3519 388 3584; x_wconf 85' lang='lat' dir='ltr'>ad</span> <span class='ocrx_word' id='word_1_265' title='bbox 408 3522 616 3583; x_wconf 87' lang='lat' dir='ltr'>auctoritatem</span> <span class='ocrx_word' id='word_1_266' title='bbox 639 3519 768 3582; x_wconf 73' lang='lat' dir='ltr'>verduni</span> <span class='ocrx_word' id='word_1_267' title='bbox 792 3533 922 3598; x_wconf 73' lang='lat' dir='ltr'>graecae</span> <span class='ocrx_word' id='word_1_268' title='bbox 943 3517 1157 3581; x_wconf 89' lang='lat' dir='ltr'>conciliandam</span> <span class='ocrx_word' id='word_1_269' title='bbox 1185 3519 1342 3583; x_wconf 83' lang='lat' dir='ltr'>contactam</span> <span class='ocrx_word' id='word_1_270' title='bbox 1370 3537 1440 3584; x_wconf 88' lang='lat' dir='ltr'>esse</span> <span class='ocrx_word' id='word_1_271' title='bbox 1461 3523 1601 3602; x_wconf 89' lang='lat' dir='ltr'>probant,</span> <span class='ocrx_word' id='word_1_272' title='bbox 1631 3529 1664 3586; x_wconf 93' lang='lat' dir='ltr'>ut</span> <span class='ocrx_word' id='word_1_273' title='bbox 1691 3541 1747 3586; x_wconf 89' lang='lat' dir='ltr'>van</span> <span class='ocrx_word' id='word_1_274' title='bbox 1770 3523 1844 3588; x_wconf 80' lang='lat' dir='ltr'>tiata</span> <span class='ocrx_word' id='word_1_275' title='bbox 1864 3524 1984 3588; x_wconf 87' lang='lat' dir='ltr'>dissert.</span> 
     </span>
     <span class='ocr_line' id='line_1_27' title="bbox 198 3623 1986 3712; baseline 0.002 -18"><span class='ocrx_word' id='word_1_276' title='bbox 198 3648 291 3711; x_wconf 88' lang='lat' dir='ltr'>super</span> <span class='ocrx_word' id='word_1_277' title='bbox 316 3629 435 3692; x_wconf 82' lang='lat' dir='ltr'>Aristeu</span> <span class='ocrx_word' id='word_1_278' title='bbox 464 3627 503 3689; x_wconf 89' lang='lat' dir='ltr'>de</span> <span class='ocrx_word' id='word_1_279' title='bbox 529 3627 606 3690; x_wconf 83' lang='lat' dir='ltr'>txx</span> <span class='ocrx_word' id='word_1_280' title='bbox 635 3627 855 3707; x_wconf 85' lang='lat' dir='ltr'>interpretibus.</span> <span class='ocrx_word' id='word_1_281' title='bbox 885 3628 980 3688; x_wconf 89' lang='lat' dir='ltr'>Amst.</span> <span class='ocrx_word' id='word_1_282' title='bbox 1011 3623 1108 3703; x_wconf 78' lang='lat'>1⁷05,</span> <span class='ocrx_word' id='word_1_283' title='bbox 1129 3624 1182 3702; x_wconf 84' lang='lat' dir='ltr'>t.;</span> <span class='ocrx_word' id='word_1_284' title='bbox 1215 3626 1392 3691; x_wconf 87' lang='lat' dir='ltr'>llumlredus</span> <span class='ocrx_word' id='word_1_285' title='bbox 1428 3629 1516 3712; x_wconf 76' lang='lat' dir='ltr'>lludy</span> <span class='ocrx_word' id='word_1_286' title='bbox 1541 3637 1647 3693; x_wconf 90' lang='lat' dir='ltr'>contra</span> <span class='ocrx_word' id='word_1_287' title='bbox 1675 3630 1826 3697; x_wconf 85' lang='lat' dir='ltr'>historiam</span> <span class='ocrx_word' id='word_1_288' title='bbox 1855 3632 1986 3697; x_wconf 80' lang='lat' dir='ltr'>Aristeas</span> 
     </span>
     <span class='ocr_line' id='line_1_28' title="bbox 197 3731 1987 3820; baseline 0.002 -17"><span class='ocrx_word' id='word_1_289' title='bbox 197 3739 237 3803; x_wconf 90' lang='lat' dir='ltr'>de</span> <span class='ocrx_word' id='word_1_290' title='bbox 257 3737 335 3801; x_wconf 82' lang='lat' dir='ltr'>txx</span> <span class='ocrx_word' id='word_1_291' title='bbox 356 3736 568 3815; x_wconf 87' lang='lat' dir='ltr'>interpretibus</span> <span class='ocrx_word' id='word_1_292' title='bbox 591 3734 763 3798; x_wconf 81' lang='lat' dir='ltr'>dissertatio</span> <span class='ocrx_word' id='word_1_293' title='bbox 788 3731 878 3808; x_wconf 83' lang='grc'><strong>1684,</strong></span> <span class='ocrx_word' id='word_1_294' title='bbox 901 3731 940 3808; x_wconf 72' lang='grc' dir='ltr'>ὓς</span> <span class='ocrx_word' id='word_1_295' title='bbox 972 3733 1012 3796; x_wconf 89' lang='lat' dir='ltr'>de</span> <span class='ocrx_word' id='word_1_296' title='bbox 1032 3733 1188 3797; x_wconf 87' lang='lat' dir='ltr'>bibliorum</span> <span class='ocrx_word' id='word_1_297' title='bbox 1211 3737 1340 3800; x_wconf 82' lang='lat' dir='ltr'>tentibus</span> <span class='ocrx_word' id='word_1_298' title='bbox 1362 3737 1571 3819; x_wconf 78' lang='lat' dir='ltr'>originalibus,</span> <span class='ocrx_word' id='word_1_299' title='bbox 1605 3740 1791 3805; x_wconf 80' lang='lat' dir='ltr'>versionibus</span> <span class='ocrx_word' id='word_1_300' title='bbox 1813 3742 1931 3820; x_wconf 75' lang='lat' dir='ltr'>grecis,</span> <span class='ocrx_word' id='word_1_301' title='bbox 1954 3749 1987 3806; x_wconf 83' lang='lat' dir='ltr'>et</span> 
     </span>
     <span class='ocr_line' id='line_1_29' title="bbox 199 3841 1986 3930; baseline 0.001 -18"><span class='ocrx_word' id='word_1_302' title='bbox 199 3847 289 3912; x_wconf 88' lang='lat' dir='ltr'>latina</span> <span class='ocrx_word' id='word_1_303' title='bbox 309 3845 431 3926; x_wconf 76' lang='lat' dir='ltr'>vulgata</span> <span class='ocrx_word' id='word_1_304' title='bbox 454 3842 519 3906; x_wconf 88' lang='lat' dir='ltr'>libri</span> <span class='ocrx_word' id='word_1_305' title='bbox 542 3843 589 3905; x_wconf 78' lang='lat' dir='ltr'>lv.</span> <span class='ocrx_word' id='word_1_306' title='bbox 642 3842 663 3904; x_wconf 92' lang='grc' dir='ltr'>Ι.</span> <span class='ocrx_word' id='word_1_307' title='bbox 699 3842 808 3904; x_wconf 80' lang='lat' dir='ltr'>Corttm</span> <span class='ocrx_word' id='word_1_308' title='bbox 830 3841 983 3904; x_wconf 88' lang='lat' dir='ltr'>historiam</span> <span class='ocrx_word' id='word_1_309' title='bbox 1003 3841 1082 3904; x_wconf 83' lang='lat' dir='ltr'>Lllll</span> <span class='ocrx_word' id='word_1_310' title='bbox 1103 3843 1295 3924; x_wconf 87' lang='lat' dir='ltr'>interpretum</span> <span class='ocrx_word' id='word_1_311' title='bbox 1317 3844 1446 3908; x_wconf 76' lang='lat' dir='ltr'>Aristeu</span> <span class='ocrx_word' id='word_1_312' title='bbox 1474 3846 1593 3908; x_wconf 87' lang='lat' dir='ltr'>nomina</span> <span class='ocrx_word' id='word_1_313' title='bbox 1614 3847 1782 3930; x_wconf 84' lang='lat' dir='ltr'>inscriptam</span> <span class='ocrx_word' id='word_1_314' title='bbox 1805 3848 1986 3927; x_wconf 88' lang='lat' dir='ltr'>dissertatio,</span> 
     </span>
     <span class='ocr_line' id='line_1_30' title="bbox 198 3949 1988 4039; baseline 0.001 -21"><span class='ocrx_word' id='word_1_315' title='bbox 198 3973 257 4039; x_wconf 78' lang='lat' dir='ltr'>qua</span> <span class='ocrx_word' id='word_1_316' title='bbox 279 3954 458 4036; x_wconf 86' lang='lat' dir='ltr'>probatura</span> <span class='ocrx_word' id='word_1_317' title='bbox 479 3951 585 4015; x_wconf 84' lang='lat' dir='ltr'>tuneo</span> <span class='ocrx_word' id='word_1_318' title='bbox 607 3949 736 4031; x_wconf 82' lang='lat' dir='ltr'>quodam</span> <span class='ocrx_word' id='word_1_319' title='bbox 761 3949 853 4013; x_wconf 87' lang='lat' dir='ltr'>luisse</span> <span class='ocrx_word' id='word_1_320' title='bbox 874 3949 1047 4028; x_wconf 72' lang='lat' dir='ltr'>confidam,</span> <span class='ocrx_word' id='word_1_321' title='bbox 1075 3956 1105 4014; x_wconf 89' lang='lat' dir='ltr'>et</span> <span class='ocrx_word' id='word_1_322' title='bbox 1125 3950 1165 4016; x_wconf 89' lang='lat' dir='ltr'>ls.</span> <span class='ocrx_word' id='word_1_323' title='bbox 1188 3951 1286 4015; x_wconf 80' lang='lat' dir='ltr'>vossii</span> <span class='ocrx_word' id='word_1_324' title='bbox 1315 3949 1501 4034; x_wconf 84' lang='lat' dir='ltr'>aliorumque</span> <span class='ocrx_word' id='word_1_325' title='bbox 1531 3952 1688 4019; x_wconf 89' lang='lat' dir='ltr'>doctorum</span> <span class='ocrx_word' id='word_1_326' title='bbox 1717 3957 1846 4019; x_wconf 85' lang='lat' dir='ltr'>virorum</span> <span class='ocrx_word' id='word_1_327' title='bbox 1876 3956 1988 4022; x_wconf 84' lang='lat' dir='ltr'>deien-</span> 
     </span>
     <span class='ocr_line' id='line_1_31' title="bbox 198 4057 1987 4148; baseline 0.002 -22"><span class='ocrx_word' id='word_1_328' title='bbox 198 4065 298 4127; x_wconf 88' lang='lat' dir='ltr'>sionea</span> <span class='ocrx_word' id='word_1_329' title='bbox 324 4061 459 4144; x_wconf 87' lang='lat' dir='ltr'>ejusdem</span> <span class='ocrx_word' id='word_1_330' title='bbox 480 4058 519 4123; x_wconf 89' lang='lat' dir='ltr'>ad</span> <span class='ocrx_word' id='word_1_331' title='bbox 541 4077 667 4121; x_wconf 84' lang='lat' dir='ltr'>examen</span> <span class='ocrx_word' id='word_1_332' title='bbox 689 4065 876 4121; x_wconf 83' lang='lat' dir='ltr'>revocantur.</span> <span class='ocrx_word' id='word_1_333' title='bbox 920 4057 956 4122; x_wconf 91' lang='lat' dir='ltr'>ll.</span> <span class='ocrx_word' id='word_1_334' title='bbox 988 4059 1199 4139; x_wconf 81' lang='lat' dir='ltr'>Deveraionia</span> <span class='ocrx_word' id='word_1_335' title='bbox 1226 4060 1304 4123; x_wconf 84' lang='lat' dir='ltr'>txtt</span> <span class='ocrx_word' id='word_1_336' title='bbox 1326 4061 1517 4143; x_wconf 83' lang='lat' dir='ltr'>interpretum</span> <span class='ocrx_word' id='word_1_337' title='bbox 1544 4066 1715 4129; x_wconf 85' lang='lat' dir='ltr'>auctoribus</span> <span class='ocrx_word' id='word_1_338' title='bbox 1745 4065 1825 4128; x_wconf 85' lang='lat' dir='ltr'>veris</span> <span class='ocrx_word' id='word_1_339' title='bbox 1855 4083 1987 4148; x_wconf 67' lang='lat' dir='ltr'>umque</span> 
     </span>
     <span class='ocr_line' id='line_1_32' title="bbox 199 4167 1987 4254; baseline 0.002 -20"><span class='ocrx_word' id='word_1_340' title='bbox 199 4170 375 4234; x_wconf 78' lang='lat' dir='ltr'>wnbciendi</span> <span class='ocrx_word' id='word_1_341' title='bbox 402 4176 553 4251; x_wconf 87' lang='lat' dir='ltr'>tempure,</span> <span class='ocrx_word' id='word_1_342' title='bbox 582 4167 672 4231; x_wconf 89' lang='lat' dir='ltr'>modo</span> <span class='ocrx_word' id='word_1_343' title='bbox 700 4172 730 4229; x_wconf 92' lang='lat' dir='ltr'>et</span> <span class='ocrx_word' id='word_1_344' title='bbox 757 4168 882 4232; x_wconf 83' lang='lat' dir='ltr'>ratione.</span> <span class='ocrx_word' id='word_1_345' title='bbox 931 4167 982 4231; x_wconf 83' lang='lat' dir='ltr'>lll</span> <span class='ocrx_word' id='word_1_346' title='bbox 1015 4167 1144 4232; x_wconf 83' lang='lat' dir='ltr'>llistoria</span> <span class='ocrx_word' id='word_1_347' title='bbox 1173 4167 1351 4232; x_wconf 85' lang='lat' dir='ltr'>scholastica</span> <span class='ocrx_word' id='word_1_348' title='bbox 1381 4176 1518 4235; x_wconf 89' lang='lat' dir='ltr'>textuum</span> <span class='ocrx_word' id='word_1_349' title='bbox 1554 4171 1740 4253; x_wconf 75' lang='lat' dir='ltr'>originalium</span> <span class='ocrx_word' id='word_1_350' title='bbox 1775 4173 1987 4254; x_wconf 76' lang='lat' dir='ltr'>sermonisque</span> 
     </span>
     <span class='ocr_line' id='line_1_33' title="bbox 197 4274 1985 4360; baseline 0.002 -19"><span class='ocrx_word' id='word_1_351' title='bbox 197 4294 307 4360; x_wconf 70' lang='lat' dir='ltr'>prece</span> <span class='ocrx_word' id='word_1_352' title='bbox 326 4276 407 4342; x_wconf 81' lang='lat' dir='ltr'>ttttt</span> <span class='ocrx_word' id='word_1_353' title='bbox 428 4277 517 4342; x_wconf 74' lang='lat' dir='ltr'>dieta</span> <span class='ocrx_word' id='word_1_354' title='bbox 537 4283 568 4340; x_wconf 89' lang='lat' dir='ltr'>et</span> <span class='ocrx_word' id='word_1_355' title='bbox 590 4275 688 4340; x_wconf 87' lang='lat' dir='ltr'>latinae</span> <span class='ocrx_word' id='word_1_356' title='bbox 709 4274 847 4356; x_wconf 71' lang='lat' dir='ltr'>vulgate.</span> <span class='ocrx_word' id='word_1_357' title='bbox 889 4276 938 4339; x_wconf 84' lang='lat' dir='ltr'>tv.</span> <span class='ocrx_word' id='word_1_358' title='bbox 972 4277 1017 4339; x_wconf 82' lang='lat' dir='ltr'>lle</span> <span class='ocrx_word' id='word_1_359' title='bbox 1037 4277 1148 4340; x_wconf 85' lang='lat' dir='ltr'>esteris</span> <span class='ocrx_word' id='word_1_360' title='bbox 1170 4277 1279 4356; x_wconf 72' lang='lat' dir='ltr'>graecis</span> <span class='ocrx_word' id='word_1_361' title='bbox 1299 4277 1495 4344; x_wconf 78' lang='lat' dir='ltr'>rambonibus.</span> <span class='ocrx_word' id='word_1_362' title='bbox 1516 4308 1559 4324; x_wconf 87' lang='lat'>-</span> <span class='ocrx_word' id='word_1_363' title='bbox 1575 4278 1683 4360; x_wconf 81' lang='lat' dir='ltr'>Neque</span> <span class='ocrx_word' id='word_1_364' title='bbox 1703 4295 1778 4341; x_wconf 86' lang='lat' dir='ltr'>varo</span> <span class='ocrx_word' id='word_1_365' title='bbox 1798 4279 1907 4344; x_wconf 87' lang='lat' dir='ltr'>desunt</span> <span class='ocrx_word' id='word_1_366' title='bbox 1929 4283 1985 4346; x_wconf 89' lang='lat' dir='ltr'>viri</span> 
     </span>
     <span class='ocr_line' id='line_1_34' title="bbox 197 4382 1986 4472; baseline 0.003 -23"><span class='ocrx_word' id='word_1_367' title='bbox 197 4383 293 4460; x_wconf 79' lang='lat' dir='ltr'>docti,</span> <span class='ocrx_word' id='word_1_368' title='bbox 321 4385 375 4465; x_wconf 78' lang='lat' dir='ltr'>ont</span> <span class='ocrx_word' id='word_1_369' title='bbox 396 4385 436 4448; x_wconf 85' lang='lat' dir='ltr'>ab</span> <span class='ocrx_word' id='word_1_370' title='bbox 466 4385 504 4448; x_wconf 86' lang='lat' dir='ltr'>iia</span> <span class='ocrx_word' id='word_1_371' title='bbox 525 4384 724 4460; x_wconf 83' lang='lat' dir='ltr'>dissidentes,</span> <span class='ocrx_word' id='word_1_372' title='bbox 750 4383 868 4447; x_wconf 82' lang='lat' dir='ltr'>Aristei</span> <span class='ocrx_word' id='word_1_373' title='bbox 888 4384 1066 4448; x_wconf 87' lang='lat' dir='ltr'>auctoritate</span> <span class='ocrx_word' id='word_1_374' title='bbox 1092 4391 1126 4448; x_wconf 86' lang='lat' dir='ltr'>at</span> <span class='ocrx_word' id='word_1_375' title='bbox 1146 4382 1208 4449; x_wconf 88' lang='lat' dir='ltr'>lide</span> <span class='ocrx_word' id='word_1_376' title='bbox 1234 4390 1414 4465; x_wconf 72' lang='lat' dir='ltr'>summula,</span> <span class='ocrx_word' id='word_1_377' title='bbox 1444 4387 1562 4451; x_wconf 76' lang='lat' dir='ltr'>Aristaei</span> <span class='ocrx_word' id='word_1_378' title='bbox 1588 4386 1697 4451; x_wconf 86' lang='lat' dir='ltr'>librata</span> <span class='ocrx_word' id='word_1_379' title='bbox 1725 4390 1888 4472; x_wconf 69' lang='lat' dir='ltr'>gaumaurra</span> <span class='ocrx_word' id='word_1_380' title='bbox 1914 4407 1986 4455; x_wconf 83' lang='lat' dir='ltr'>asse</span> 
     </span>
     <span class='ocr_line' id='line_1_35' title="bbox 197 4490 1984 4579; baseline 0.004 -21"><span class='ocrx_word' id='word_1_381' title='bbox 197 4491 381 4575; x_wconf 62' lang='lat' dir='ltr'>oramentis</span> <span class='ocrx_word' id='word_1_382' title='bbox 402 4490 658 4568; x_wconf 79' lang='lat' dir='ltr'>coadunaverint,</span> <span class='ocrx_word' id='word_1_383' title='bbox 686 4497 720 4554; x_wconf 92' lang='lat' dir='ltr'>nt</span> <span class='ocrx_word' id='word_1_384' title='bbox 740 4496 847 4573; x_wconf 75' lang='lat' dir='ltr'>preter</span> <span class='ocrx_word' id='word_1_385' title='bbox 868 4507 937 4569; x_wconf 86' lang='lat' dir='ltr'>eos,</span> <span class='ocrx_word' id='word_1_386' title='bbox 960 4509 1038 4573; x_wconf 82' lang='lat' dir='ltr'>quoa</span> <span class='ocrx_word' id='word_1_387' title='bbox 1058 4491 1311 4575; x_wconf 80' lang='lat' dir='ltr'>supradiximus,</span> <span class='ocrx_word' id='word_1_388' title='bbox 1334 4493 1524 4558; x_wconf 84' lang='lat' dir='ltr'>llontlnncno</span> <span class='ocrx_word' id='word_1_389' title='bbox 1545 4493 1585 4558; x_wconf 89' lang='lat' dir='ltr'>de</span> <span class='ocrx_word' id='word_1_390' title='bbox 1605 4496 1732 4562; x_wconf 76' lang='lat' dir='ltr'>Arteman</span> <span class='ocrx_word' id='word_1_391' title='bbox 1753 4497 1984 4579; x_wconf 80' lang='lat' dir='ltr'>exemplaribus,</span> 
     </span>
     <span class='ocr_line' id='line_1_36' title="bbox 197 4598 1987 4691; baseline 0.002 -24"><span class='ocrx_word' id='word_1_392' title='bbox 197 4619 265 4683; x_wconf 67' lang='lat' dir='ltr'>uun</span> <span class='ocrx_word' id='word_1_393' title='bbox 285 4617 365 4667; x_wconf 76' lang='lat' dir='ltr'>nanu</span> <span class='ocrx_word' id='word_1_394' title='bbox 383 4606 513 4674; x_wconf 80' lang='lat' dir='ltr'>enatant,</span> <span class='ocrx_word' id='word_1_395' title='bbox 533 4600 689 4680; x_wconf 68' lang='lat' dir='ltr'>panniuiar</span> <span class='ocrx_word' id='word_1_396' title='bbox 712 4598 883 4682; x_wconf 78' lang='lat' dir='ltr'>llmnphrey</span> <span class='ocrx_word' id='word_1_397' title='bbox 904 4601 1066 4664; x_wconf 85' lang='lat' dir='ltr'>Prideaux:</span> <span class='ocrx_word' id='word_1_398' title='bbox 1090 4599 1142 4666; x_wconf 86' lang='lat' dir='ltr'>tlte</span> <span class='ocrx_word' id='word_1_399' title='bbox 1162 4598 1292 4665; x_wconf 70' lang='lat' dir='ltr'>amount</span> <span class='ocrx_word' id='word_1_400' title='bbox 1312 4601 1347 4667; x_wconf 85' lang='lat' dir='ltr'>oi</span> <span class='ocrx_word' id='word_1_401' title='bbox 1364 4603 1497 4667; x_wconf 86' lang='lat' dir='ltr'>Aristeas</span> <span class='ocrx_word' id='word_1_402' title='bbox 1518 4601 1552 4666; x_wconf 89' lang='lat' dir='ltr'>ol</span> <span class='ocrx_word' id='word_1_403' title='bbox 1567 4603 1617 4668; x_wconf 91' lang='lat' dir='ltr'>tbs</span> <span class='ocrx_word' id='word_1_404' title='bbox 1631 4606 1809 4691; x_wconf 73' lang='lat' dir='ltr'>Septuagint</span> <span class='ocrx_word' id='word_1_405' title='bbox 1824 4604 1987 4686; x_wconf 78' lang='lat' dir='ltr'>euuiuted3</span> 
     </span>
     <span class='ocr_line' id='line_1_37' title="bbox 196 4706 1988 4796; baseline 0.004 -25"><span class='ocrx_word' id='word_1_406' title='bbox 196 4707 421 4775; x_wconf 76' lang='lat' dir='ltr'>nmmnnttorr</span> <span class='ocrx_word' id='word_1_407' title='bbox 454 4708 529 4771; x_wconf 81' lang='lat' dir='ltr'>tiber</span> <span class='ocrx_word' id='word_1_408' title='bbox 558 4707 611 4772; x_wconf 88' lang='lat' dir='ltr'>dia</span> <span class='ocrx_word' id='word_1_409' title='bbox 636 4706 794 4773; x_wconf 82' lang='lat' dir='ltr'>Aecbtbsit</span> <span class='ocrx_word' id='word_1_410' title='bbox 822 4707 878 4771; x_wconf 85' lang='lat' dir='ltr'>der</span> <span class='ocrx_word' id='word_1_411' title='bbox 902 4707 1014 4772; x_wconf 67' lang='lat' dir='ltr'>scutit</span> <span class='ocrx_word' id='word_1_412' title='bbox 1041 4707 1096 4773; x_wconf 88' lang='lat' dir='ltr'>des</span> <span class='ocrx_word' id='word_1_413' title='bbox 1124 4711 1279 4789; x_wconf 85' lang='lat' dir='ltr'>Aristeaa;</span> <span class='ocrx_word' id='word_1_414' title='bbox 1309 4709 1468 4774; x_wconf 81' lang='lat' dir='ltr'>Whiston:</span> <span class='ocrx_word' id='word_1_415' title='bbox 1497 4711 1623 4794; x_wconf 76' lang='lat' dir='ltr'>alarpe</span> <span class='ocrx_word' id='word_1_416' title='bbox 1643 4712 1809 4795; x_wconf 83' lang='lat' dir='ltr'>appendix,</span> <span class='ocrx_word' id='word_1_417' title='bbox 1839 4719 1872 4775; x_wconf 90' lang='lat' dir='ltr'>tu</span> <span class='ocrx_word' id='word_1_418' title='bbox 1893 4731 1988 4796; x_wconf 89' lang='lat' dir='ltr'>prove</span> 
     </span>
    </p>

    <p class='ocr_par' dir='ltr' id='par_1_7' title="bbox 169 4808 1989 4904">
     <span class='ocr_line' id='line_1_38' title="bbox 169 4808 1989 4904; baseline 0.005 -26"><span class='ocrx_word' id='word_1_419' title='bbox 169 4820 174 4835; x_wconf 93' lang='lat'>&#39;</span> <span class='ocrx_word' id='word_1_420' title='bbox 199 4816 260 4882; x_wconf 87' lang='lat' dir='ltr'>tbat</span> <span class='ocrx_word' id='word_1_421' title='bbox 273 4808 436 4881; x_wconf 82' lang='lat' dir='ltr'>Aristeas&#39;a</span> <span class='ocrx_word' id='word_1_422' title='bbox 457 4813 574 4899; x_wconf 70' lang='lat' dir='ltr'>history</span> <span class='ocrx_word' id='word_1_423' title='bbox 595 4811 631 4878; x_wconf 88' lang='lat' dir='ltr'>ui</span> <span class='ocrx_word' id='word_1_424' title='bbox 647 4812 836 4882; x_wconf 81' lang='lat' dir='ltr'>therentius</span> <span class='ocrx_word' id='word_1_425' title='bbox 856 4814 893 4879; x_wconf 86' lang='lat' dir='ltr'>ol</span> <span class='ocrx_word' id='word_1_426' title='bbox 908 4815 962 4881; x_wconf 81' lang='lat' dir='ltr'>tho</span> <span class='ocrx_word' id='word_1_427' title='bbox 976 4817 1160 4883; x_wconf 85' lang='lat' dir='ltr'>Pantataueh</span> <span class='ocrx_word' id='word_1_428' title='bbox 1179 4819 1222 4901; x_wconf 74' lang='lat' dir='ltr'>by</span> <span class='ocrx_word' id='word_1_429' title='bbox 1245 4818 1296 4882; x_wconf 88' lang='lat' dir='ltr'>the</span> <span class='ocrx_word' id='word_1_430' title='bbox 1308 4813 1349 4881; x_wconf 78' lang='lat' dir='ltr'>tt</span> <span class='ocrx_word' id='word_1_431' title='bbox 1369 4820 1574 4902; x_wconf 77' lang='lat' dir='ltr'>interpretare,</span> <span class='ocrx_word' id='word_1_432' title='bbox 1593 4821 1653 4885; x_wconf 83' lang='lat' dir='ltr'>stili</span> <span class='ocrx_word' id='word_1_433' title='bbox 1674 4828 1786 4899; x_wconf 80' lang='lat' dir='ltr'>eatam,</span> <span class='ocrx_word' id='word_1_434' title='bbox 1807 4822 1989 4904; x_wconf 77' lang='lat' dir='ltr'>irpenuine.</span> 
     </span>
    </p>
   </div>
   <div class='ocr_carea' id='block_1_7' title="bbox 0 0 2070 5236">
    <p class='ocr_par' dir='ltr' id='par_1_8' title="bbox 0 0 2070 5236">
     <span class='ocr_line' id='line_1_39' title="bbox 0 0 2070 5236; baseline 0 0"><span class='ocrx_word' id='word_1_435' title='bbox 0 0 2070 5236; x_wconf 95' lang='lat' dir='ltr'> </span> 
     </span>
    </p>
   </div>
  </div>
 </body>
</html>
