4140 5234
1007 217 1081 307 19

938 408 1043 514 Cap.
1077 414 1142 488 Xl.

767 563 835 649 De
872 560 1086 646 Demetrii
1126 559 1320 674 scriptis.

204 755 427 832 Demetrium
457 754 669 828 Phalereum
697 751 915 848 scriptorum
943 748 1174 823 multitudine
1203 746 1378 845 insignem
1414 747 1542 838 luisse,
1576 749 1680 825 testis
1713 761 1771 825 est
1806 750 1986 851 Diogeuep

103 879 271 957 Laertius
304 880 339 954 in
376 875 550 952 Demetrii
585 874 660 948 vito
699 871 740 948 V.
773 874 810 946 5.
842 872 901 946 8⁰.
961 869 1100 970 πλήθει
1135 868 1174 943 δὲ
1213 869 1360 959 βιβλίων
1395 869 1456 941 καί
1492 871 1641 971 ἀριθμῷ
1680 872 1817 965 στίχων
1854 875 1987 966 σχεδὸν

102 998 268 1089 ἅπαντας
296 998 516 1098 παρελήλακε
541 997 628 1086 τοὺς
653 992 729 1068 κατ’
756 993 871 1068 αὐτὸν
891 991 1214 1093 Περιπατητικοὺς
1239 993 1477 1080 εὐπαίδευτος
1502 990 1553 1064 aiu
1578 996 1637 1067 καὶ
1662 995 1876 1093 πολύπειρος
1901 997 1986 1099 παρ’

102 1131 280 1199 ὁντινοῦν.
339 1123 472 1198 Suiduo
498 1148 527 1197 s.
555 1147 590 1195 v.
615 1116 849 1217 Δημήτριος.
892 1120 1094 1217 συνέγραψε
1129 1115 1168 1190 de'
1204 1115 1322 1207 συχνὰ
1353 1116 1484 1204 βιβλία.
1542 1115 1868 1194 Grammaticorum
1903 1144 1987 1215 pro·

103 1247 325 1324 betissimum
353 1271 435 1321 eum
463 1244 622 1320 nominat
654 1242 902 1317 'l'ertullianus
935 1242 970 1314 in
1005 1242 1242 1341 Apologetico
1268 1267 1297 1314 c.
1327 1239 1383 1314 18.
1438 1239 1565 1338 Neque
1594 1242 1795 1332 Ciceronis,
1828 1242 1986 1353 subtiliq-

103 1370 182 1445 simi
210 1381 247 1444 et
272 1369 436 1444 acerrimi
463 1367 510 1441 de
537 1366 719 1442 Demetrio
747 1376 892 1440 oratore
919 1362 1070 1465 judicis,
1104 1363 1317 1439 testimoniis
1343 1388 1524 1452 curemus,
1551 1365 1610 1461 qui
1641 1364 1862 1438 Demetrium
1893 1365 1987 1439 Pha-

103 1496 239 1568 lsreum
267 1491 547 1566 eruditissimum
576 1490 632 1565 sui
658 1487 831 1585 temporis
863 1489 978 1561 virum
1012 1487 1075 1582 (de
1102 1486 1168 1583 leg.
1197 1487 1242 1560 ll.
1270 1487 1357 1583 ee),
1393 1486 1577 1562 doctrinae
1611 1487 1741 1560 studiis
1767 1498 1804 1560 et
1829 1487 1987 1584 regenda

104 1617 251 1691 civitate
277 1614 474 1714 principem
502 1612 566 1710 (de
588 1613 655 1708 leg.
676 1611 740 1685 lll.
759 1611 822 1708 e),
848 1609 994 1684 doctum
1022 1610 1136 1685 virum
1167 1609 1380 1683 Phalereum
1408 1609 1472 1706 (de
1493 1635 1566 1707 rep.
1591 1609 1637 1682 ll.
1662 1609 1724 1704 1.),
1751 1634 1796 1682 ex
1824 1608 1989 1685 doctrina

104 1739 257 1813 nobilem
285 1749 323 1812 et
350 1739 484 1812 clarum
512 1741 594 1834 (pru
621 1733 743 1808 Babir.
770 1759 800 1808 c.
827 1734 890 1829 9.),
917 1731 1179 1829 disputatorem
1206 1733 1375 1808 subtilem
1403 1733 1465 1825 (de
1482 1731 1578 1806 oilie.
1607 1734 1631 1805 l.
1654 1735 1716 1830 1.),
1743 1732 1855 1807 multa
1882 1757 1987 1828 pree-

105 1863 198 1936 clara
225 1863 260 1937 in
288 1860 346 1935 illo
373 1858 581 1933 calamitoso
607 1856 681 1931 otio
708 1853 993 1953 (ueratro)
1020 1855 1210 1952 scripsisse
1236 1854 1395 1946 tradit¹).
1450 1854 1506 1928 ux
1533 1855 1658 1929 eodem
1683 1856 1871 1935 Ciceronis
1899 1857 1986 1949 loco,

105 1984 164 2080 qui
202 1996 272 2059 tem
312 1980 510 2059 honorilice
554 1979 600 2055 de
643 1980 815 2055 Demetrii
861 1978 1006 2078 scriptis
1046 1976 1201 2077 judicat,
1247 1981 1441 2076 plerosque
1484 1977 1593 2054 libros
1635 2004 1735 2071 eum,
1774 1979 1988 2078 apotolicis

91 2106 266 2204 negotiis,
295 2107 426 2203 quibus
451 2103 486 2178 in
510 2104 626 2202 patria
656 2108 745 2178 urbe
765 2129 831 2202 per
856 2103 982 2176 decem
1009 2126 1122 2177 annos
1143 2102 1289 2176 iunctus
1312 2112 1401 2188 erat,
1428 2112 1604 2175 remotum
1627 2101 1661 2175 in
1685 2106 1864 2200 Aegypto,
1890 2101 1988 2199 quod

103 2229 193 2301 illud
220 2230 470 2301 calamitosum
496 2231 607 2300 otium
635 2226 722 2299 dicit
745 2225 883 2313 Cicero,
909 2224 1095 2321 scripsisse
1117 2248 1336 2319 cognoscere
1364 2222 1458 2297 licet
1486 2229 1530 2276 4
1563 2223 1660 2297 Varii
1686 2225 1830 2321 generis
1852 2225 1989 2322 scripto

104 2350 184 2448 ejus
211 2349 335 2438 luisse,
362 2347 543 2439 historica,
571 2346 723 2443 politica,
750 2345 945 2437 rhetorica,
972 2345 1212 2442 grammatica,
1237 2345 1320 2434 alia,
1342 2346 1524 2440 Diogenes
1545 2344 1757 2442 laertium)
1784 2347 1901 2439 docet,
1926 2348 1988 2444 qui

104 2458 259 2547 indicem
296 2471 486 2562 librorum,
519 2493 733 2567 quemquam
773 2493 937 2544 maneum
975 2479 1014 2543 et
1048 2465 1265 2563 vitiosum,³)
1304 2466 1433 2540 litteris
1471 2466 1674 2543 custodivit.
1743 2468 1844 2543 ldem
1880 2469 1988 2547 docet

129 2604 134 2617 ⁸
203 2623 345 2686 orationis
369 2639 469 2702 parem
505 2621 598 2686 luisse
619 2621 668 2685 vel
689 2640 774 2698 eum,
807 2622 859 2702 qui
889 2639 955 2684 cum
983 2637 1098 2683 summo
1128 2621 1257 2683 omnium
1284 2625 1449 2700 temporum
1479 2627 1598 2691 oratore
1624 2623 1654 2684 in
1678 2621 1734 2685 luc
1761 2640 1795 2685 re
1824 2624 1988 2704 comparari

205 2731 309 2809 possit.
352 2729 411 2792 Sed
434 2727 526 2791 tracte
548 2729 648 2809 populi
670 2727 820 2804 libertate,
843 2730 905 2809 ipse
929 2746 1050 2808 quoque
1071 2728 1240 2807 eloquentia
1264 2728 1402 2803 concidit,
1426 2729 1568 2791 libertatis
1591 2732 1673 2793 socia
1696 2736 1727 2793 et
1747 2729 1873 2794 alumne.
1915 2732 1988 2795 llinc

202 2837 291 2898 etiam
314 2835 385 2896 dicit
407 2836 602 2909 Quintilianus
625 2835 674 2906 (ll.
697 2834 727 2895 4.
744 2834 835 2910 dl),
862 2836 948 2895 fictas
971 2834 1007 2895 ad
1030 2836 1219 2895 imitationem
1243 2833 1299 2896 lori
1322 2835 1573 2916 consiliorumque
1595 2838 1735 2900 materias
1757 2839 1834 2918 apud
1857 2839 1987 2902 Graecos

205 2944 309 3005 dicere
331 2944 411 3005 circe
434 2943 615 3004 Demetrium
638 2940 811 3003 Phelereum
834 2943 996 3003 institutum
1020 2959 1098 3003 esse.
1146 2942 1215 3004 lllos
1236 2949 1334 3004 eutem
1357 2946 1556 3006 suasoriarum
1577 2938 1715 3024 (generis
1738 2945 1936 3016 deliberativi)
1958 2953 1988 3009 et

204 3049 475 3112 controversiarum
498 3047 636 3130 (generis
658 3041 824 3127 judicialis)
855 3047 1099 3120 exercitationes,
1127 3066 1201 3128 quas
1223 3067 1239 3110 e
1262 3051 1385 3113 veritate
1408 3050 1485 3113 vitae
1507 3053 1694 3129 aberrantes,
1723 3054 1880 3115 verborum
1902 3070 1988 3115 com-

205 3159 357 3241 positione
378 3158 468 3219 rebus
490 3173 552 3218 non
572 3155 804 3232 accommodata,
827 3153 865 3216 ed
887 3152 1085 3234 eloquentiam
1108 3157 1354 3237 corrumpendam
1377 3156 1498 3220 multum
1519 3158 1650 3223 valuisse
1672 3166 1797 3235 constat,
1815 3161 1874 3238 jam
1890 3181 1907 3223 a
1926 3164 1987 3224 lte-

206 3268 312 3329 mctrio
335 3266 402 3347 ipso
424 3263 461 3327 ad
481 3265 608 3344 juvenes
631 3263 660 3324 in
683 3261 813 3325 dicendo
835 3261 1015 3324 erudiendos
1036 3262 1183 3326 institutas
1204 3281 1282 3339 esse,
1312 3281 1370 3325 non
1401 3271 1456 3340 est,
1487 3265 1568 3344 quod
1589 3285 1628 3329 ex
1650 3265 1708 3328 lroe
1730 3268 1897 3341 Quintiliani
1918 3269 1987 3334 leco

205 3372 429 3436 concludemus.
474 3372 557 3445 Quae
579 3388 670 3453 quum
691 3372 731 3432 ita
746 3370 821 3447 ,sint
843 3371 1024 3434 Demetrium
1047 3370 1229 3447 Plrelcreum,
1252 3374 1484 3449 quemquamst
1504 3372 1714 3436 Alexandrinis
1737 3379 1936 3456 grammaticis
1958 3381 1988 3441 in

204 3483 381 3562 optimorum
405 3481 582 3560 scriptorum
607 3495 761 3541 numerum
783 3494 841 3539 non
864 3477 1034 3555 redactam,
1058 3495 1231 3558 proteram
1255 3476 1372 3557 quidem
1394 3497 1430 3540 oc
1458 3487 1622 3560 temporum
1645 3485 1874 3548 commutatione
1894 3484 1987 3549 lorme

207 3605 330 3669 quoque
352 3594 383 3652 et
405 3586 508 3650 indole
525 3585 722 3669 eloquentiae,
745 3584 841 3667 qualis
861 3584 949 3649 luerit
970 3586 1100 3665 inprimis
1120 3585 1337 3666 Demosthenis,
1359 3585 1457 3670 alique
1479 3607 1518 3650 ex
1540 3596 1625 3668 perte
1646 3598 1767 3668 mutate,
1789 3610 1905 3655 summo
1922 3595 1987 3672 iure
2049 3637 2060 3649 ,

204 3696 283 3756 inter
303 3712 377 3758 vere
397 3696 513 3759 Atticos
535 3701 671 3757 oratores
693 3691 883 3756 referendum
907 3713 975 3757 esse
998 3693 1099 3757 dicere
1121 3711 1181 3757 non
1204 3711 1319 3775 vereor.
1342 3726 1378 3735 -
1400 3697 1512 3772 Quibus
1534 3705 1632 3760 eutem
1656 3692 1788 3762 valeam
1810 3701 1986 3780 scriptorum

207 3801 382 3863 testimoniis
412 3802 493 3865 nisus
525 3800 687 3865 Bernhardi
709 3802 737 3862 in
760 3800 827 3862 hist.
849 3798 889 3861 lit.
913 3819 1013 3879 graec.
1036 3801 1057 3863 l.
1081 3819 1108 3881 p.
1132 3799 1202 3863 378.
1233 3804 1411 3866 Demetrlum
1440 3821 1539 3883 oeque
1566 3804 1698 3869 ultimum
1722 3808 1886 3869 Atticorum
1916 3826 1988 3871 ore-

207 3915 312 3984 torem,
334 3925 433 3986 neque
453 3910 572 3970 omnino
593 3916 740 3972 oratorem
765 3906 931 3969 habendum
954 3926 1023 3970 esse
1045 3909 1227 3971 contendere
1248 3911 1287 3972 sit
1308 3929 1408 3984 ausus,
1432 3912 1568 3991 equidem
1594 3929 1652 3974 non
1674 3914 1817 3993 intelligo.

150 4009 176 4083 ¹)
199 4015 243 4078 Dc
265 4015 314 4077 lin.
338 4014 372 4074 V.
397 4014 444 4075 19.
477 4016 635 4095 „Princeps
664 4016 751 4096 hujus
781 4016 906 4077 civitatis
936 4015 1094 4079 Phalereus
1116 4019 1297 4095 Demetrius,
1327 4035 1416 4099 qunm
1445 4019 1537 4099 patrie
1566 4019 1668 4098 pulsns
1691 4026 1772 4081 esset
1800 4022 1920 4102 injurie,
1949 4025 1987 4087 ed

205 4122 404 4185 Ptolemaeum
426 4139 460 4182 se
479 4139 583 4201 regem
605 4121 814 4184 Alexandriam
835 4121 968 4184 eontulit.
1002 4124 1057 4197 Qui
1078 4142 1167 4204 quum
1189 4126 1217 4186 in
1240 4125 1295 4186 hac
1314 4127 1377 4205 ipsa
1396 4125 1590 4207 philosophia,
1613 4124 1650 4187 ed
1672 4143 1759 4207 quam
1776 4133 1806 4190 te
1828 4130 1987 4207 hortamur,

206 4229 370 4293 excelleret
390 4227 752 4308 Theophrastiquoesset
772 4229 900 4306 auditor,
922 4229 1012 4293 multe
1035 4229 1186 4310 praeclara
1207 4232 1236 4293 in
1258 4230 1309 4294 ille
1332 4230 1503 4295 calamitoso
1526 4236 1587 4295 otio
1609 4234 1738 4313 scripslt,
1761 4252 1819 4296 non
1843 4236 1880 4299 ad
1902 4257 1987 4302 usum

206 4331 333 4413 aliquem
355 4353 451 4413 snum,
474 4351 536 4416 quo
558 4340 624 4397 erat
644 4334 777 4413 orbatus,
798 4337 853 4400 sed
875 4339 961 4400 enimi
982 4338 1080 4400 cultus
1101 4338 1150 4401 ille
1172 4344 1236 4401 erat
1259 4339 1285 4400 ei
1308 4341 1392 4420 quasi
1416 4338 1534 4418 quidam
1557 4339 1746 4404 humanitatis
1769 4342 1882 4407 cibus.“

148 4435 179 4517 ²]
204 4441 237 4502 V.
261 4442 291 4503 5.
317 4439 368 4503 α).
410 4431 452 4498 oia
472 4442 532 4499 ἐστι
554 4432 592 4497 τὰ
613 4438 664 4514 μὲν
684 4433 824 4517 teodoraci,
852 4438 890 4500 τὰ
918 4441 951 4500 rt
971 4436 1119 4513 πολατωιιί,
1148 4437 1187 4501 sd
1207 4441 1241 4501 dl
1260 4445 1324 4516 περὶ
1348 4441 1489 4517 ποιητῶν,
1518 4439 1557 4501 τὰ
1578 4443 1611 4503 dl
1631 4440 1778 4523 ῥητορικά,
1807 4440 1989 4527 dqpq‘yopeiv
2045 4524 2048 4529 Ι

205 4566 235 4604 τι
253 4548 301 4604 καὶ
317 4541 484 4622 πρεσβειῶν,
506 4541 581 4609 ἀλλὰ
601 4541 657 4622 μὴν
676 4550 725 4604 eol
746 4541 840 4625 λόγων
860 4544 1034 4610 Αἰσωπείων
1053 4551 1216 4633 συναγωγαὶ
1237 4554 1285 4611 καλ
1306 4543 1380 4609 ἄλλα
1401 4548 1495 4610 πλείω.

152 4650 182 4725 ⁸)
204 4658 252 4720 Bis
275 4660 525 4721 commemoratur
544 4655 620 4720 liber
639 4657 703 4732 aeci
723 4648 836 4732 adeon
856 4658 939 4737 liber,
961 4662 1012 4741 qui
1034 4660 1193 4743 inscriptos
1214 4668 1261 4723 est
1282 4651 1430 4736 ἄρχὸιτωι
1450 4653 1615 4739 ἀναγραφή»
1636 4663 1700 4726 aliis
1723 4661 1798 4726 tocts
1820 4680 1836 4726 a
1855 4665 1989 4749 Diogene

208 4764 353 4845 laudatus,
374 4767 405 4828 in
418 4762 526 4831 ,iudice
547 4763 640 4830 deest
673 4764 713 4831 cl.
735 4764 830 4831 Bulrle
851 4765 891 4832 do
912 4765 995 4833 libris
1015 4769 1106 4834 trist
1128 4768 1291 4851 deperditis
1313 4769 1346 4832 m
1367 4774 1524 4833 comment.
1538 4771 1653 4920 3sqeiet.
1676 4770 1807 4853 Gotting.
1824 4770 1886 4835 xtt.
1899 4792 1926 4857 p.
1939 4774 1987 4836 57·
