4140 5234
982 240 1062 329 Μ

86 440 225 540 ταύτης
258 445 310 531 εἰς
351 440 420 540 τὴν
454 440 627 540 ἐσχάτην,
663 437 711 540 ἣν
742 441 963 541 ἐποιήσαντο
1000 441 1330 542 Ναβουχοδονόσορ
1364 444 1400 531 ἐξ
1439 442 1698 544 Ἰεροσολύμων,
1736 447 1798 546 ἔτη
1837 449 1970 521 ἑκατὸν

85 563 221 637 εἴκοσιν
257 565 349 637 ὀκτὼ
386 572 505 665 μῆνας
544 566 591 651 ἕξ.

158 706 223 800 [11.
246 725 384 802 περὶτῶν
403 727 467 783 κατ’
488 707 698 802 Aiyvrrrea.¹)]

261 951 344 1064 λ11.
403 950 1754 1068 Opera,quaeadrempublicampertinent.

181 1169 212 1234 l.
241 1163 323 1261 περὶ
347 1162 581 1260 δημαγωγίας
608 1162 686 1237 lihri
711 1162 794 1255 (luo,
819 1162 865 1237 de
886 1164 1026 1238 ratione
1052 1165 1223 1262 populum
1250 1165 1398 1264 regendi
1423 1176 1461 1242 et
1487 1163 1707 1241 moderandi.

180 1288 214 1360 2.
242 1287 323 1384 περὶ
348 1288 539 1384 πολιτικῆς
563 1286 643 1361 libri
670 1285 753 1376 duo,
780 1285 826 1360 de
852 1286 1085 1385 republice.²)

180 1412 213 1487 ³.
243 1410 323 1509 περὶ
348 1407 478 1504 νόμων,
504 1407 552 1482 de
577 1409 765 1508 legibus.³)

178 1533 213 1608 4.
243 1533 533 1635 στρατηγικῶν)
560 1531 640 1607 libri
667 1531 750 1622 duo,
776 1531 823 1607 tle
849 1558 889 1609 re
912 1533 1065 1609 militari.

816 1705 985 1805 Frogm.
1013 1706 1222 1782 xxxviii.

715 1829 844 1928 Polyb.
871 1829 916 1904 X.
943 1830 1002 1904 tu
1027 1831 1062 1905 i.
1089 1829 1326 1930 (Schweigh.)

177 1995 385 2097 Δημήτριος
422 2003 442 2067 ό
472 1993 664 2092 Φαληρεὺς
701 1997 766 2083 ἕως
802 1992 909 2083 λόγου
945 1997 988 2068 τὸ
1025 2002 1172 2066 τοιοῦτο
1209 1994 1372 2080 ὑπέδειξε
1408 1992 1543 2093 φήσας,
1583 1996 1640 2067 ότι
1675 1982 1882 2102 καθάπερ
1917 1979 1965 2065 ἕν

81 2134 361 2254 οἰκοδομίαις,
389 2137 463 2220 ἐὰν
484 2135 598 2219 κατὰ
623 2136 733 2234 μίαν
760 2131 940 2218 πλίνθον
963 2138 1051 2241 ,θῇς
1076 2135 1149 2217 καὶ
1175 2139 1279 2219 καθ’
1309 2141 1389 2220 ἕνα
1417 2132 1554 2250 δόμον
1580 2133 1825 2250 ἐπιμελείας
1852 2140 1962 2249 τύχη

122 2349 149 2432 ¹]
172 2354 344 2419 Athenaeus
367 2354 429 2417 XV.
457 2372 484 2436 p.
507 2351 578 2417 680.
601 2351 630 2414 6.
663 2351 805 2416 Demetrii
833 2350 1001 2433 cujusdam,
1030 2353 1209 2433 cognomine
1238 2369 1297 2414 non
1320 2352 1453 2434 adiecto,
1482 2353 1587 2416 librum
1617 2352 1706 2416 affert
1725 2354 1789 2430 περὶ
1814 2356 1874 2411 τῶν
1893 2361 1960 2412 κατ’

174 2449 333 2538 Αἴγυπτον·
375 2462 525 2543 Suspioari
547 2459 666 2542 quidem
688 2460 766 2536 lieet,
788 2460 969 2523 Demetrium
991 2457 1180 2538 Phalereum,
1212 2459 1323 2522 tamdiu
1352 2461 1381 2522 in
1411 2462 1552 2544 Aegypto
1575 2467 1740 2539 versatum,
1768 2461 1806 2524 de
1826 2462 1961 2545 Aegypti

176 2587 297 2652 quoque
318 2569 408 2632 rebus
431 2585 507 2648 opus
529 2567 711 2645 coniecisse3
742 2566 795 2629 sed
826 2583 916 2647 quum
938 2565 1005 2629 talis
1032 2567 1133 2647 scripti
1155 2568 1192 2630 ab
1216 2567 1266 2630 illo
1289 2567 1361 2632 editi
1382 2587 1528 2650 nusquam
1550 2570 1659 2631 mentio
1682 2569 1759 2633 lacta
1781 2571 1961 2651 reperiatur,

177 2676 264 2738 alium
279 2677 468 2752 Demetrium,
491 2674 618 2738 fortasse
641 2660 814 2756 Byzantium
836 2673 926 2750 illum,
945 2673 974 2734 in
997 2690 1123 2736 recensu
1144 2675 1292 2736 variorum
1314 2676 1532 2739 Demetriorum
1553 2671 1678 2758 septimo
1699 2676 1768 2738 loco
1787 2695 1803 2737 a
1820 2677 1960 2754 Diogene

174 2782 292 2846 Laertio
315 2777 366 2859 (V.
390 2783 418 2843 5.
441 2780 509 2852 83.)
531 2784 726 2856 nominatum,
756 2779 806 2858 qui
829 2797 918 2858 quum
941 2778 996 2840 alia
1018 2781 1136 2861 scripsit
1164 2786 1224 2843 tum
1252 2788 1322 2844 octo
1351 2782 1432 2846 libris
1461 2791 1637 2864 persecutus
1664 2789 1711 2846 est
1737 2772 1776 2838 rei
1801 2780 1864 2856 rapt
1890 2773 1959 2836 Ἀν-

175 2885 270 2964 τλυχον
289 2889 338 2944 κοιλ
358 2882 540 2961 Πτολεμαῖον
560 2887 608 2942 καλ
628 2879 681 2958 τὴν
699 2876 815 2960 Λιβύης
834 2878 882 2940 ὑπ’
905 2872 1166 2961 alvertonam,
1188 2889 1414 2972 intelligendum
1437 2909 1506 2956 esse
1527 2908 1649 2954 censeo.
1672 2920 1714 2931 -
1735 2889 1841 2970 Neque
1862 2889 1962 2970 inagis

175 2995 365 3076 adducimur,
392 3003 426 3059 ut
446 2996 628 3059 Demetrium
652 2993 824 3058 Phalereum
849 2993 914 3057 libri
938 2994 975 3057 de
996 2995 1129 3078 Aegypti
1158 2997 1247 3059 rebus
1271 2998 1408 3089 'inscripti
1436 3006 1589 3062 auctorem
1617 3017 1687 3062 osse
1709 2997 1875 3073 credamus,
1898 2995 1961 3059 alio

175 3104 254 3183 loco,
278 3123 367 3186 quem
388 3103 583 3167 Tertullianus
605 3102 766 3184 Apologet.
793 3102 840 3164 19.
863 3103 998 3183 praebet,
1029 3104 1078 3166 ubi
1107 3105 1273 3167 Demetrius
1303 3123 1369 3167 cum
1399 3105 1497 3169 multis
1519 3106 1584 3170 aliis
1604 3112 1654 3169 aut
1677 3105 1715 3168 de
1737 3105 1961 3188 Aegyptiorum
1986 3099 1989 3103 ’

173 3218 224 3276 aut
247 3212 285 3275 do
307 3211 521 3276 Chaldaeorum
544 3218 594 3274 aut
615 3209 654 3273 de
676 3208 848 3274 Phoenicum
870 3210 1045 3291 antiquitate
1067 3212 1224 3292 scripsisse
1245 3218 1454 3276 memorantur.

116 3338 147 3415 ²)
167 3343 389 3427 Theophrastus
411 3333 563 3401 πολιτικῶν
583 3362 638 3407 sex
661 3343 753 3408 libros
774 3343 901 3425 scripsit.
945 3341 981 3403 cl.
1006 3342 1091 3421 Diog.
1114 3341 1132 3402 l.
1145 3342 1164 3403 Ι.

117 3469 387 3556 ⁸)'Pheophrastus
408 3476 463 3540 trie
484 3494 573 3558 opera
596 3477 634 3539 de
656 3475 773 3557 legibus
797 3475 935 3551 coniecit,
959 3473 1065 3553 quihus
1087 3490 1181 3553 aegre
1203 3491 1352 3540 caremus:
1382 3473 1446 3551 sept
1467 3467 1575 3551 νόμον,
1604 3468 1796 3550 adposuerit
1821 3480 1961 3552 στοιχιτον

172 3576 227 3651 all’,
253 3582 317 3657 περὶ
337 3577 505 3656 νομοθετῶν
526 3584 616 3646 libros
636 3583 685 3644 lv.
709 3583 746 3644 ul.
770 3585 857 3662 Diog.
880 3581 899 3641 l.
912 3581 931 3642 Ι.
1766 3592 1768 3596 ’

116 3709 144 3788 ⁴)
167 3716 231 3779 Huc
260 3715 423 3797 pertineret
449 3713 535 3776 locus
563 3715 717 3778 Strabonis
745 3707 835 3789 (Vlll.
858 3712 887 3774 4.
911 3715 938 3782 P.
961 3712 1017 3791 8.),
1046 3711 1100 3774 nisi
1131 3711 1314 3777 manifestum
1344 3720 1441 3791 esset,
1472 3730 1604 3776 errorem
1634 3711 1744 3778 librarii
1772 3714 1961 3796 negligentia

172 3822 281 3885 laetum
304 3824 332 3885 ei
355 3822 455 3884 inesse
477 3827 508 3883 et
529 3839 583 3902 pro
607 3813 758 3896 Φαληρεύς
780 3820 939 3903 legendum
962 3839 1030 3883 esse
1054 3813 1174 3895 Φόριοι.
1211 3821 1291 3885 llaec
1312 3822 1489 3902 cognomina
1511 3820 1689 3903 plerumque
1709 3824 1844 3903 praecise
1865 3825 1960 3887 scrihi

171 3930 317 4005 solebant,
347 3935 380 3990 ut
409 3947 444 3991 ea
476 3927 513 3989 de
536 3934 760 4008 causapostea
789 3945 895 3990 nomen
925 3927 1044 3991 celehre
1071 3947 1125 4010 pro
1155 3930 1304 4012 ignotiore
1333 3934 1497 4008 caperetur.
1547 3929 1627 3992 llaec
1653 3936 1723 3993 sunt
1744 3931 1852 3994 verba:
1885 3920 1962 3987 ὥστ’

173 4034 279 4102 οἰκείαις
300 4033 380 4093 δοκεῖ
396 4026 563 4110 Δημήτριος
584 4027 600 4091 ό
624 4027 775 4108 Φαληρεός
794 4027 866 4108 αρός
892 4031 1034 4092 Φίλιστον
1053 4034 1135 4092 εἰπεῖν
1155 4028 1207 4093 τόν
1225 4031 1403 4110 Δημητρίου,
1426 4028 1684 4112 παρακελευόμενος
1704 4027 1816 4093 τούτων
1836 4029 1961 4113 ἔχεσθαι

171 4137 230 4199 τῶν
248 4135 361 4202 ιιόλεανν
381 4136 488 4219 ἀμφοῖν
508 4135 705 4214 ἐπιθυμοῦντα
731 4141 784 4213 τῆς
804 4134 1041 4215 Πελοποννήσου·
1064 4145 1130 4204 ,τῶν
1154 4134 1283 4219 κεράτων
1310 4134 1365 4218 γὰρ
1395 4135 1511 4219 ἀμφοῖν,
1541 4137 1609 4220 ἔφη,
1635 4136 1768 4211 καθέξεις
1794 4135 1847 4215 τὴν
1873 4139 1962 4217 βοῦν,

169 4249 277 4323 κέρατα
307 4249 359 4325 pir
385 4246 476 4327 λέγων
505 4243 557 4323 τὴν
584 4241 711 4324 Ἰθυόμην
735 4251 783 4305 καλ
809 4242 860 4307 τόν
888 4241 1122 4324 Ἀκροκόρινθον,
1149 4245 1221 4325 βοῦν
1249 4246 1281 4306 ol
1308 4241 1361 4322 τὴν
1388 4243 1615 4324 Πελοπόννησον.
1668 4251 1758 4313 Plane
1787 4261 1959 4334 repugnant

171 4364 313 4438 tempora.
355 4358 449 4422 lllulto
469 4359 545 4422 enim
568 4365 637 4422 ante
658 4357 737 4420 hunc
758 4356 919 4440 Philippum
941 4363 1116 4440 regnantem
1137 4357 1304 4421 Demetrius
1326 4357 1485 4422 Phalereus
1508 4364 1643 4421 mortuus
1665 4363 1738 4422 erat.
1772 4359 1957 4423 Demetrium

170 4472 267 4530 autem
290 4463 437 4543 Pharium,
459 4485 476 4530 a
498 4465 637 4529 Romanis
658 4467 783 4543 rictum,
810 4465 894 4545 locis,
917 4466 946 4528 in
969 4467 1076 4547 quihus
1098 4472 1250 4546 regnaret,
1271 4465 1393 4545 relictis,
1415 4466 1452 4529 ad
1474 4464 1636 4547 Philippum
1659 4466 1853 4530 hlacedonem
1875 4483 1957 4530 con-

170 4574 294 4656 legisse,
323 4572 412 4653 eique
434 4579 467 4635 ut
494 4572 663 4654 presidium
690 4572 720 4635 in
742 4571 885 4651 lihamen,
915 4573 1072 4637 Messenae
1093 4592 1202 4654 arcem,
1229 4571 1392 4652 induceret,
1414 4579 1519 4653 postea
1540 4574 1681 4655 suasisse,
1703 4575 1807 4638 iisdem
1828 4588 1956 4653 prorsus

169 4683 269 4746 verbis
291 4682 421 4745 narrauit
443 4678 583 4764 Polybius
606 4679 666 4745 vll.
691 4677 740 4745 ll.
770 4671 848 4738 οὕτω
874 4668 929 4756 γόρ
958 4678 1100 4758 ἑκατέραν
1127 4675 1186 4739 τῶν
1212 4672 1340 4758 κεράτων
1366 4675 1483 4755 κρατῶν
1510 4675 1604 4754 μόνας
1632 4669 1668 4740 ἂν
1694 4675 1850 4756 moysem
1879 4673 1956 4756 ἔχοις

168 4781 220 4845 τόν
239 4784 310 4864 βοῦν
329 4784 389 4846 κτλ.
